2021:01:22:10:02:20.877000,1611306140.877,-0.5532,16,-0.5532,0,-0.5631,61,-0.5567,122,-0.5595,187,-0.5631,250,-0.5666,312,-0.5652,372,-0.5581,434,-0.5708,497,-0.5574,561,-0.5778,622,-0.5708,687,-0.5652,747,-0.5792,811,-0.5673,875,-0.5743,936
2021:01:22:10:02:21.875000,1611306141.875,-0.5722,16,-0.5722,0,-0.5715,64,-0.5659,127,-0.5617,188,-0.5462,250,-0.5462,313,-0.5441,377,-0.5553,439,-0.5581,498,-0.5553,561,-0.5574,626,-0.5532,686,-0.5490,752,-0.5546,811,-0.5546,875,-0.5532,936
2021:01:22:10:02:22.874000,1611306142.874,-0.5588,16,-0.5588,0,-0.5617,64,-0.5504,128,-0.5532,190,-0.5469,251,-0.5532,314,-0.5462,376,-0.5610,439,-0.5553,502,-0.5497,565,-0.5595,628,-0.5574,688,-0.5539,751,-0.5673,815,-0.5610,878,-0.5581,938
2021:01:22:10:02:23.877000,1611306143.877,-0.5525,16,-0.5525,0,-0.5462,61,-0.5553,122,-0.5617,185,-0.5539,247,-0.5553,309,-0.5539,372,-0.5659,434,-0.5701,500,-0.5715,561,-0.5652,622,-0.5673,687,-0.5624,750,-0.5553,811,-0.5462,875,-0.5617,936
2021:01:22:10:02:24.875000,1611306144.875,-0.5729,16,-0.5729,0,-0.5631,64,-0.5539,125,-0.5504,188,-0.5617,252,-0.5553,311,-0.5539,375,-0.5546,439,-0.5574,501,-0.5617,564,-0.5483,627,-0.5504,688,-0.5539,750,-0.5525,811,-0.5715,875,-0.5581,939
2021:01:22:10:02:25.875000,1611306145.875,-0.5610,16,-0.5610,0,-0.5532,64,-0.5560,125,-0.5638,189,-0.5567,251,-0.5588,314,-0.5518,377,-0.5624,438,-0.5525,502,-0.5588,564,-0.5617,627,-0.5588,689,-0.5617,752,-0.5595,813,-0.5652,875,-0.5624,939
2021:01:22:10:02:26.875000,1611306146.875,-0.5525,16,-0.5525,0,-0.5624,64,-0.5638,127,-0.5666,188,-0.5631,250,-0.5567,314,-0.5511,375,-0.5567,439,-0.5666,500,-0.5652,563,-0.5617,625,-0.5694,689,-0.5645,750,-0.5638,813,-0.5659,877,-0.5603,939
2021:01:22:10:02:27.875000,1611306147.875,-0.5645,16,-0.5645,0,-0.5567,63,-0.5638,125,-0.5659,186,-0.5715,251,-0.5680,314,-0.5659,375,-0.5581,436,-0.5567,501,-0.5511,563,-0.5617,626,-0.5539,686,-0.5560,751,-0.5518,813,-0.5553,875,-0.5610,938
2021:01:22:10:02:28.876000,1611306148.876,-0.5581,16,-0.5581,0,-0.5497,60,-0.5539,125,-0.5539,187,-0.5511,248,-0.5553,310,-0.5588,375,-0.5574,435,-0.5666,498,-0.5645,560,-0.5610,625,-0.5553,685,-0.5532,748,-0.5553,812,-0.5525,875,-0.5553,937
2021:01:22:10:02:29.877000,1611306149.877,-0.5673,16,-0.5673,0,-0.5652,60,-0.5764,123,-0.5666,186,-0.5652,248,-0.5610,313,-0.5869,372,-0.5673,436,-0.5610,500,-0.5610,561,-0.5560,624,-0.5624,685,-0.5511,749,-0.5490,811,-0.5525,875,-0.5574,935
2021:01:22:10:02:30.877000,1611306150.877,-0.5469,16,-0.5469,0,-0.5448,61,-0.5476,125,-0.5610,186,-0.5581,249,-0.5610,313,-0.5560,372,-0.5624,436,-0.5546,499,-0.5574,560,-0.5595,623,-0.5645,685,-0.5659,750,-0.5617,810,-0.5680,875,-0.5574,935
2021:01:22:10:02:31.877000,1611306151.877,-0.5610,16,-0.5610,0,-0.5806,61,-0.5638,125,-0.5659,186,-0.5743,248,-0.5687,311,-0.5764,375,-0.5652,435,-0.5666,498,-0.5673,561,-0.5729,622,-0.5771,686,-0.5631,750,-0.5595,811,-0.5603,873,-0.5518,935
2021:01:22:10:02:32.876000,1611306152.876,-0.5553,16,-0.5553,0,-0.5504,62,-0.5539,123,-0.5652,187,-0.5539,248,-0.5504,310,-0.5490,375,-0.5455,435,-0.5574,500,-0.5708,562,-0.5581,625,-0.5645,685,-0.5483,750,-0.5631,812,-0.5581,872,-0.5581,937
2021:01:22:10:02:33.877000,1611306153.877,-0.5673,16,-0.5673,0,-0.5567,60,-0.5497,125,-0.5546,186,-0.5617,250,-0.5652,311,-0.5652,374,-0.5799,435,-0.5715,498,-0.5694,560,-0.5652,623,-0.5546,686,-0.5553,749,-0.5546,811,-0.5645,875,-0.5645,936
2021:01:22:10:02:34.876000,1611306154.876,-0.5638,16,-0.5638,0,-0.5687,63,-0.5687,126,-0.5771,186,-0.5750,251,-0.5757,314,-0.5722,375,-0.5638,438,-0.5708,501,-0.5750,563,-0.5806,626,-0.5708,686,-0.5736,750,-0.5722,811,-0.5631,876,-0.5560,938
2021:01:22:10:02:35.878000,1611306155.878,-0.5497,16,-0.5497,0,-0.5532,60,-0.5722,123,-0.5687,186,-0.5680,250,-0.5581,310,-0.5617,373,-0.5595,435,-0.5532,497,-0.5497,561,-0.5539,624,-0.5567,686,-0.5588,750,-0.5504,811,-0.5687,875,-0.5722,936
2021:01:22:10:02:36.876000,1611306156.876,-0.5666,16,-0.5666,0,-0.5617,61,-0.5504,126,-0.5574,186,-0.5638,251,-0.5645,313,-0.5666,376,-0.5617,438,-0.5687,501,-0.5673,561,-0.5701,625,-0.5645,688,-0.5624,750,-0.5525,811,-0.5525,876,-0.5455,938
2021:01:22:10:02:37.880000,1611306157.88,-0.5483,16,-0.5483,0,-0.5469,57,-0.5497,122,-0.5462,182,-0.5476,246,-0.5624,309,-0.5701,372,-0.5659,432,-0.5553,497,-0.5574,557,-0.5455,622,-0.5497,684,-0.5610,746,-0.5652,807,-0.5567,872,-0.5455,934
2021:01:22:10:02:38.875000,1611306158.875,-0.5539,16,-0.5539,0,-0.5631,64,-0.5553,127,-0.5708,189,-0.5722,251,-0.5757,314,-0.5588,375,-0.5567,438,-0.5588,502,-0.5603,563,-0.5722,626,-0.5715,689,-0.5673,752,-0.5645,813,-0.5631,877,-0.5567,938
2021:01:22:10:02:39.878000,1611306159.878,-0.5610,16,-0.5610,0,-0.5504,60,-0.5553,124,-0.5694,186,-0.5617,250,-0.5497,311,-0.5483,374,-0.5603,435,-0.5567,497,-0.5687,561,-0.5701,625,-0.5666,686,-0.5546,749,-0.5427,811,-0.5483,873,-0.5532,936
2021:01:22:10:02:40.877000,1611306160.877,-0.5574,16,-0.5574,0,-0.5560,60,-0.5539,122,-0.5567,185,-0.5652,250,-0.5497,311,-0.5539,372,-0.5434,437,-0.5357,498,-0.5378,562,-0.5588,622,-0.5525,685,-0.5350,748,-0.5511,810,-0.5490,873,-0.5546,935
2021:01:22:10:02:41.879000,1611306161.879,-0.5610,16,-0.5610,0,-0.5560,60,-0.5553,121,-0.5624,185,-0.5469,247,-0.5546,309,-0.5652,373,-0.5673,434,-0.5680,498,-0.5581,560,-0.5729,621,-0.5652,684,-0.5638,748,-0.5483,810,-0.5448,873,-0.5546,935
2021:01:22:10:02:42.878000,1611306162.878,-0.5617,16,-0.5617,0,-0.5673,61,-0.5750,123,-0.5645,185,-0.5595,248,-0.5469,310,-0.5476,373,-0.5406,436,-0.5518,497,-0.5553,560,-0.5666,623,-0.5638,685,-0.5806,748,-0.5701,811,-0.5666,873,-0.5546,936
2021:01:22:10:02:43.878000,1611306163.878,-0.5420,16,-0.5420,0,-0.5476,61,-0.5469,123,-0.5532,186,-0.5476,247,-0.5441,310,-0.5490,373,-0.5525,436,-0.5553,499,-0.5581,561,-0.5588,622,-0.5560,685,-0.5525,749,-0.5666,811,-0.5532,872,-0.5588,934
2021:01:22:10:02:44.877000,1611306164.877,-0.5567,16,-0.5567,0,-0.5525,60,-0.5511,122,-0.5638,187,-0.5729,247,-0.5666,310,-0.5603,375,-0.5595,436,-0.5427,500,-0.5504,563,-0.5532,625,-0.5659,688,-0.5694,751,-0.5504,813,-0.5652,873,-0.5680,938
2021:01:22:10:02:45.876000,1611306165.876,-0.5652,16,-0.5652,0,-0.5638,61,-0.5532,123,-0.5588,188,-0.5546,250,-0.5525,313,-0.5659,373,-0.5595,438,-0.5560,500,-0.5595,561,-0.5624,625,-0.5567,686,-0.5518,750,-0.5567,812,-0.5588,873,-0.5588,935
2021:01:22:10:02:46.879000,1611306166.879,-0.5764,16,-0.5764,0,-0.5680,60,-0.5567,122,-0.5504,185,-0.5532,246,-0.5511,310,-0.5525,371,-0.5490,435,-0.5476,497,-0.5673,560,-0.5652,622,-0.5736,684,-0.5715,747,-0.5603,810,-0.5553,872,-0.5560,934
2021:01:22:10:02:47.875000,1611306167.875,-0.5588,16,-0.5588,0,-0.5483,64,-0.5497,125,-0.5546,188,-0.5581,250,-0.5687,313,-0.5567,376,-0.5617,438,-0.5581,501,-0.5617,564,-0.5638,626,-0.5638,689,-0.5574,751,-0.5497,813,-0.5645,876,-0.5518,938
2021:01:22:10:02:48.875000,1611306168.875,-0.5581,16,-0.5581,0,-0.5483,64,-0.5680,126,-0.5631,188,-0.5652,250,-0.5631,314,-0.5588,375,-0.5722,438,-0.5645,501,-0.5574,563,-0.5546,626,-0.5645,689,-0.5694,751,-0.5680,813,-0.5659,877,-0.5595,938
2021:01:22:10:02:49.878000,1611306169.878,-0.5610,16,-0.5610,0,-0.5631,63,-0.5539,123,-0.5420,186,-0.5504,248,-0.5511,311,-0.5518,375,-0.5504,436,-0.5371,500,-0.5483,561,-0.5497,623,-0.5539,688,-0.5567,748,-0.5694,811,-0.5610,874,-0.5666,936
2021:01:22:10:02:50.879000,1611306170.879,-0.5652,16,-0.5652,0,-0.5588,59,-0.5553,123,-0.5610,185,-0.5560,248,-0.5631,311,-0.5581,373,-0.5546,435,-0.5532,497,-0.5631,561,-0.5476,622,-0.5462,686,-0.5532,747,-0.5581,809,-0.5595,875,-0.5624,936
2021:01:22:10:02:51.880000,1611306171.88,-0.5560,16,-0.5560,0,-0.5603,59,-0.5610,122,-0.5680,184,-0.5757,246,-0.5645,310,-0.5701,372,-0.5715,434,-0.5595,497,-0.5560,559,-0.5595,622,-0.5574,684,-0.5539,747,-0.5511,809,-0.5483,872,-0.5455,934
2021:01:22:10:02:52.879000,1611306172.879,-0.5603,16,-0.5603,0,-0.5574,59,-0.5476,122,-0.5511,185,-0.5539,248,-0.5504,311,-0.5504,372,-0.5399,435,-0.5532,498,-0.5497,560,-0.5574,622,-0.5539,685,-0.5588,747,-0.5574,809,-0.5553,873,-0.5525,935
2021:01:22:10:02:53.876000,1611306173.876,-0.5525,16,-0.5525,0,-0.5525,63,-0.5680,126,-0.5799,189,-0.5680,251,-0.5610,314,-0.5546,376,-0.5490,439,-0.5595,501,-0.5610,564,-0.5595,626,-0.5610,688,-0.5546,751,-0.5497,814,-0.5581,875,-0.5722,938
2021:01:22:10:02:54.878000,1611306174.878,-0.5722,16,-0.5722,0,-0.5673,63,-0.5617,125,-0.5652,186,-0.5567,248,-0.5567,311,-0.5617,375,-0.5687,436,-0.5603,500,-0.5525,561,-0.5511,625,-0.5546,686,-0.5764,748,-0.5539,813,-0.5490,873,-0.5504,938
2021:01:22:10:02:55.876000,1611306175.876,-0.5497,16,-0.5497,0,-0.5588,61,-0.5574,125,-0.5631,188,-0.5645,250,-0.5694,313,-0.5652,376,-0.5532,438,-0.5603,500,-0.5617,563,-0.5518,625,-0.5462,689,-0.5532,751,-0.5497,814,-0.5483,876,-0.5385,938
2021:01:22:10:02:56.876000,1611306176.876,-0.5553,16,-0.5553,0,-0.5610,63,-0.5595,125,-0.5588,189,-0.5441,251,-0.5638,313,-0.5546,375,-0.5715,438,-0.5736,501,-0.5476,564,-0.5483,625,-0.5553,688,-0.5539,751,-0.5631,813,-0.5567,876,-0.5560,936
2021:01:22:10:02:57.878000,1611306177.878,-0.5518,16,-0.5518,0,-0.5553,61,-0.5511,123,-0.5427,188,-0.5546,248,-0.5455,313,-0.5511,375,-0.5497,438,-0.5560,500,-0.5588,560,-0.5581,623,-0.5560,685,-0.5673,748,-0.5553,810,-0.5546,875,-0.5624,936
2021:01:22:10:02:58.876000,1611306178.876,-0.5617,16,-0.5617,0,-0.5631,64,-0.5560,125,-0.5511,188,-0.5511,251,-0.5581,311,-0.5617,376,-0.5588,436,-0.5687,501,-0.5757,563,-0.5708,626,-0.5764,689,-0.5792,750,-0.5694,814,-0.5574,875,-0.5455,939
2021:01:22:10:02:59.876000,1611306179.876,-0.5539,16,-0.5539,0,-0.5546,61,-0.5631,126,-0.5546,186,-0.5595,251,-0.5659,314,-0.5588,377,-0.5525,436,-0.5553,501,-0.5673,563,-0.5638,626,-0.5687,688,-0.5736,751,-0.5603,813,-0.5673,876,-0.5659,936
2021:01:22:10:03:00.876000,1611306180.876,-0.5546,16,-0.5546,0,-0.5427,63,-0.5448,126,-0.5504,189,-0.5546,251,-0.5588,311,-0.5638,376,-0.5701,438,-0.5680,501,-0.5617,563,-0.5483,625,-0.5469,689,-0.5406,750,-0.5567,813,-0.5645,875,-0.5624,938
2021:01:22:10:03:01.876000,1611306181.876,-0.5546,16,-0.5546,0,-0.5603,63,-0.5504,125,-0.5490,188,-0.5483,251,-0.5631,314,-0.5652,375,-0.5694,439,-0.5666,501,-0.5673,564,-0.5736,625,-0.5750,688,-0.5638,751,-0.5666,813,-0.5518,875,-0.5525,938
2021:01:22:10:03:02.878000,1611306182.878,-0.5595,16,-0.5595,0,-0.5603,60,-0.5785,123,-0.5729,185,-0.5736,248,-0.5673,310,-0.5574,373,-0.5518,436,-0.5497,500,-0.5483,560,-0.5504,625,-0.5497,685,-0.5518,748,-0.5687,813,-0.5581,873,-0.5603,935
2021:01:22:10:03:03.876000,1611306183.876,-0.5638,16,-0.5638,0,-0.5680,64,-0.5504,126,-0.5603,189,-0.5574,250,-0.5638,312,-0.5588,375,-0.5567,438,-0.5701,501,-0.5638,564,-0.5631,625,-0.5701,689,-0.5729,750,-0.5729,811,-0.5708,876,-0.5659,936
2021:01:22:10:03:04.877000,1611306184.877,-0.5813,16,-0.5813,0,-0.5617,62,-0.5603,126,-0.5595,189,-0.5603,251,-0.5532,312,-0.5525,376,-0.5610,439,-0.5525,501,-0.5518,561,-0.5588,623,-0.5715,688,-0.5694,751,-0.5666,814,-0.5652,875,-0.5617,939
2021:01:22:10:03:05.879000,1611306185.879,-0.5659,16,-0.5659,0,-0.5574,60,-0.5610,125,-0.5603,188,-0.5588,247,-0.5455,310,-0.5483,375,-0.5694,438,-0.5666,498,-0.5617,560,-0.5532,623,-0.5490,686,-0.5631,748,-0.5574,810,-0.5469,873,-0.5490,936
2021:01:22:10:03:06.877000,1611306186.877,-0.5532,16,-0.5532,0,-0.5645,62,-0.5567,125,-0.5553,187,-0.5497,250,-0.5546,313,-0.5567,375,-0.5455,439,-0.5469,500,-0.5511,561,-0.5567,625,-0.5708,687,-0.5603,750,-0.5694,812,-0.5610,876,-0.5680,937
2021:01:22:10:03:07.877000,1611306187.877,-0.5581,16,-0.5581,0,-0.5511,61,-0.5448,125,-0.5427,188,-0.5476,250,-0.5546,313,-0.5567,375,-0.5666,437,-0.5603,501,-0.5595,564,-0.5574,625,-0.5617,688,-0.5750,751,-0.5673,812,-0.5581,875,-0.5624,937
2021:01:22:10:03:08.877000,1611306188.877,-0.5504,16,-0.5504,0,-0.5476,63,-0.5539,125,-0.5610,188,-0.5687,250,-0.5574,313,-0.5546,375,-0.5750,437,-0.5771,501,-0.5666,564,-0.5631,626,-0.5560,686,-0.5504,751,-0.5638,812,-0.5539,875,-0.5476,937
2021:01:22:10:03:09.877000,1611306189.877,-0.5546,16,-0.5546,0,-0.5490,63,-0.5532,125,-0.5546,186,-0.5483,250,-0.5476,314,-0.5539,375,-0.5659,439,-0.5652,500,-0.5560,563,-0.5532,626,-0.5455,688,-0.5469,750,-0.5511,811,-0.5588,873,-0.5610,937
2021:01:22:10:03:10.879000,1611306190.879,-0.5617,16,-0.5617,0,-0.5525,60,-0.5518,123,-0.5610,185,-0.5539,248,-0.5588,310,-0.5659,373,-0.5638,436,-0.5680,498,-0.5518,561,-0.5581,623,-0.5588,685,-0.5595,750,-0.5694,810,-0.5715,873,-0.5694,936
2021:01:22:10:03:11.879000,1611306191.879,-0.5659,16,-0.5659,0,-0.5638,61,-0.5539,125,-0.5455,185,-0.5588,250,-0.5567,310,-0.5715,373,-0.5574,435,-0.5560,498,-0.5595,560,-0.5659,623,-0.5687,685,-0.5581,748,-0.5638,810,-0.5757,875,-0.5595,935
2021:01:22:10:03:12.877000,1611306192.877,-0.5532,16,-0.5532,0,-0.5518,61,-0.5581,123,-0.5638,187,-0.5574,250,-0.5652,313,-0.5673,375,-0.5652,436,-0.5603,501,-0.5560,561,-0.5736,626,-0.5631,688,-0.5659,751,-0.5567,811,-0.5567,875,-0.5574,938
2021:01:22:10:03:13.879000,1611306193.879,-0.5539,16,-0.5539,0,-0.5610,60,-0.5736,125,-0.5638,185,-0.5680,248,-0.5504,311,-0.5652,373,-0.5539,436,-0.5504,500,-0.5546,560,-0.5631,625,-0.5631,686,-0.5560,748,-0.5532,810,-0.5680,875,-0.5539,935
2021:01:22:10:03:14.877000,1611306194.877,-0.5553,16,-0.5553,0,-0.5497,63,-0.5504,126,-0.5638,188,-0.5659,251,-0.5631,312,-0.5553,375,-0.5469,438,-0.5511,500,-0.5581,561,-0.5560,625,-0.5462,687,-0.5483,751,-0.5462,813,-0.5462,875,-0.5617,938
2021:01:22:10:03:15.877000,1611306195.877,-0.5652,16,-0.5652,0,-0.5813,63,-0.5666,126,-0.5645,187,-0.5610,251,-0.5581,313,-0.5666,375,-0.5834,438,-0.5750,501,-0.5757,563,-0.5757,625,-0.5806,686,-0.5638,750,-0.5497,813,-0.5553,875,-0.5617,936
2021:01:22:10:03:16.877000,1611306196.877,-0.5687,16,-0.5687,0,-0.5581,61,-0.5504,125,-0.5483,187,-0.5511,250,-0.5567,313,-0.5567,373,-0.5532,436,-0.5553,498,-0.5483,563,-0.5560,623,-0.5610,688,-0.5715,751,-0.5729,811,-0.5610,876,-0.5687,938
2021:01:22:10:03:17.878000,1611306197.878,-0.5736,16,-0.5736,0,-0.5588,64,-0.5729,126,-0.5722,186,-0.5624,251,-0.5652,313,-0.5645,374,-0.5666,436,-0.5659,501,-0.5631,563,-0.5546,625,-0.5624,686,-0.5497,751,-0.5687,813,-0.5595,874,-0.5701,936
2021:01:22:10:03:18.877000,1611306198.877,-0.5645,16,-0.5645,0,-0.5610,63,-0.5560,123,-0.5743,188,-0.5666,250,-0.5708,312,-0.5743,376,-0.5659,436,-0.5588,501,-0.5525,563,-0.5511,625,-0.5687,688,-0.5645,751,-0.5546,813,-0.5694,875,-0.5631,937
2021:01:22:10:03:19.878000,1611306199.878,-0.5645,16,-0.5645,0,-0.5708,62,-0.5708,126,-0.5574,186,-0.5588,251,-0.5476,312,-0.5553,375,-0.5638,439,-0.5631,500,-0.5574,562,-0.5546,626,-0.5595,689,-0.5483,752,-0.5476,812,-0.5617,877,-0.5694,937
2021:01:22:10:03:20.878000,1611306200.878,-0.5785,16,-0.5785,0,-0.5673,64,-0.5701,127,-0.5617,188,-0.5617,252,-0.5652,314,-0.5567,376,-0.5624,439,-0.5652,500,-0.5588,561,-0.5574,624,-0.5645,689,-0.5539,749,-0.5652,814,-0.5645,875,-0.5701,939
2021:01:22:10:03:21.880000,1611306201.88,-0.5603,16,-0.5603,0,-0.5715,59,-0.5708,122,-0.5610,186,-0.5659,250,-0.5525,309,-0.5603,375,-0.5652,434,-0.5659,500,-0.5729,561,-0.5652,623,-0.5553,684,-0.5588,750,-0.5497,811,-0.5462,872,-0.5638,936
2021:01:22:10:03:22.878000,1611306202.878,-0.5539,16,-0.5539,0,-0.5603,64,-0.5638,127,-0.5518,189,-0.5441,251,-0.5483,314,-0.5483,375,-0.5595,439,-0.5560,501,-0.5588,564,-0.5624,625,-0.5603,686,-0.5553,749,-0.5715,814,-0.5588,874,-0.5687,936
2021:01:22:10:03:23.880000,1611306203.88,-0.5729,16,-0.5729,0,-0.5708,59,-0.5764,122,-0.5666,186,-0.5666,247,-0.5490,313,-0.5539,373,-0.5504,434,-0.5462,498,-0.5427,561,-0.5525,622,-0.5617,684,-0.5680,750,-0.5722,809,-0.5617,875,-0.5567,936
2021:01:22:10:03:24.880000,1611306204.88,-0.5448,16,-0.5448,0,-0.5511,61,-0.5567,123,-0.5539,186,-0.5518,248,-0.5694,310,-0.5771,372,-0.5631,436,-0.5603,497,-0.5497,561,-0.5392,622,-0.5343,686,-0.5462,750,-0.5553,811,-0.5497,873,-0.5420,936
2021:01:22:10:03:25.878000,1611306205.878,-0.5455,16,-0.5455,0,-0.5413,64,-0.5497,125,-0.5434,189,-0.5553,251,-0.5518,311,-0.5610,375,-0.5588,436,-0.5659,499,-0.5567,561,-0.5462,626,-0.5427,686,-0.5413,752,-0.5574,811,-0.5588,877,-0.5666,939
2021:01:22:10:03:26.880000,1611306206.88,-0.5603,16,-0.5603,0,-0.5652,59,-0.5610,122,-0.5617,184,-0.5680,247,-0.5673,311,-0.5715,373,-0.5708,436,-0.5595,497,-0.5617,561,-0.5659,622,-0.5687,685,-0.5603,747,-0.5539,809,-0.5560,872,-0.5511,936
2021:01:22:10:03:27.878000,1611306207.878,-0.5497,16,-0.5497,0,-0.5504,64,-0.5455,127,-0.5610,186,-0.5574,249,-0.5610,314,-0.5708,375,-0.5673,439,-0.5574,501,-0.5610,564,-0.5631,627,-0.5645,689,-0.5603,752,-0.5497,811,-0.5546,874,-0.5469,939
2021:01:22:10:03:28.877000,1611306208.877,-0.5588,16,-0.5588,0,-0.5588,61,-0.5588,125,-0.5532,187,-0.5525,251,-0.5659,312,-0.5617,377,-0.5603,437,-0.5497,501,-0.5511,564,-0.5441,626,-0.5581,687,-0.5497,750,-0.5490,812,-0.5462,875,-0.5624,939
2021:01:22:10:03:29.877000,1611306209.877,-0.5588,16,-0.5588,0,-0.5603,64,-0.5610,125,-0.5483,187,-0.5546,251,-0.5553,314,-0.5574,376,-0.5715,437,-0.5638,500,-0.5560,564,-0.5441,626,-0.5574,688,-0.5666,752,-0.5659,814,-0.5595,877,-0.5638,939
2021:01:22:10:03:30.879000,1611306210.879,-0.5631,16,-0.5631,0,-0.5581,60,-0.5610,123,-0.5687,188,-0.5567,248,-0.5610,311,-0.5729,373,-0.5638,435,-0.5631,498,-0.5567,561,-0.5595,623,-0.5673,688,-0.5743,750,-0.5631,810,-0.5546,873,-0.5532,938
2021:01:22:10:03:31.877000,1611306211.877,-0.5455,16,-0.5455,0,-0.5553,62,-0.5476,125,-0.5553,187,-0.5574,250,-0.5560,314,-0.5617,375,-0.5504,439,-0.5427,501,-0.5518,562,-0.5399,625,-0.5518,687,-0.5595,750,-0.5553,813,-0.5504,875,-0.5638,939
2021:01:22:10:03:32.878000,1611306212.878,-0.5610,16,-0.5610,0,-0.5659,61,-0.5603,127,-0.5490,186,-0.5497,251,-0.5511,314,-0.5539,374,-0.5652,436,-0.5680,500,-0.5666,564,-0.5687,627,-0.5834,689,-0.5673,752,-0.5624,814,-0.5722,875,-0.5715,939
2021:01:22:10:03:33.879000,1611306213.879,-0.5701,16,-0.5701,0,-0.5652,60,-0.5546,123,-0.5603,188,-0.5511,248,-0.5588,310,-0.5659,373,-0.5638,438,-0.5666,501,-0.5610,560,-0.5715,623,-0.5715,685,-0.5673,748,-0.5799,810,-0.5666,876,-0.5610,938
2021:01:22:10:03:34.881000,1611306214.881,-0.5736,16,-0.5736,0,-0.5708,59,-0.5750,122,-0.5673,184,-0.5617,248,-0.5687,311,-0.5588,372,-0.5638,434,-0.5603,498,-0.5574,560,-0.5497,622,-0.5448,684,-0.5532,747,-0.5469,811,-0.5574,872,-0.5610,936
2021:01:22:10:03:35.880000,1611306215.88,-0.5680,16,-0.5680,0,-0.5560,61,-0.5581,123,-0.5610,185,-0.5560,250,-0.5603,310,-0.5631,373,-0.5624,438,-0.5588,501,-0.5476,560,-0.5448,626,-0.5504,688,-0.5504,748,-0.5462,810,-0.5567,875,-0.5427,935
2021:01:22:10:03:36.878000,1611306216.878,-0.5511,16,-0.5511,0,-0.5631,64,-0.5546,126,-0.5539,187,-0.5680,250,-0.5617,314,-0.5701,375,-0.5638,437,-0.5855,501,-0.5771,564,-0.5722,626,-0.5659,687,-0.5659,752,-0.5617,812,-0.5631,876,-0.5603,938
2021:01:22:10:03:37.879000,1611306217.879,-0.5631,16,-0.5631,0,-0.5581,63,-0.5603,125,-0.5539,189,-0.5617,251,-0.5574,311,-0.5525,373,-0.5434,439,-0.5441,501,-0.5553,561,-0.5595,626,-0.5743,689,-0.5673,751,-0.5708,814,-0.5603,876,-0.5525,936
2021:01:22:10:03:38.880000,1611306218.88,-0.5553,16,-0.5553,0,-0.5448,63,-0.5546,122,-0.5511,185,-0.5476,250,-0.5588,309,-0.5638,375,-0.5595,438,-0.5441,497,-0.5441,560,-0.5525,622,-0.5476,685,-0.5420,748,-0.5610,813,-0.5581,872,-0.5441,935
2021:01:22:10:03:39.880000,1611306219.88,-0.5448,16,-0.5448,0,-0.5617,63,-0.5617,125,-0.5532,186,-0.5567,247,-0.5673,313,-0.5617,372,-0.5645,435,-0.5610,500,-0.5476,560,-0.5476,625,-0.5532,686,-0.5497,750,-0.5518,809,-0.5462,873,-0.5595,935
2021:01:22:10:03:40.878000,1611306220.878,-0.5539,16,-0.5539,0,-0.5532,64,-0.5560,125,-0.5504,190,-0.5610,252,-0.5553,315,-0.5581,375,-0.5603,440,-0.5750,502,-0.5666,563,-0.5624,625,-0.5539,688,-0.5588,753,-0.5701,815,-0.5617,875,-0.5567,939
2021:01:22:10:03:41.878000,1611306221.878,-0.5581,16,-0.5581,0,-0.5673,65,-0.5729,127,-0.5701,188,-0.5553,250,-0.5490,315,-0.5574,375,-0.5539,438,-0.5504,500,-0.5483,565,-0.5413,627,-0.5518,690,-0.5476,752,-0.5574,814,-0.5624,877,-0.5553,939
2021:01:22:10:03:42.879000,1611306222.879,-0.5581,16,-0.5581,0,-0.5546,60,-0.5687,126,-0.5624,189,-0.5581,250,-0.5574,311,-0.5617,376,-0.5645,436,-0.5560,498,-0.5645,564,-0.5617,626,-0.5553,685,-0.5525,748,-0.5546,813,-0.5560,876,-0.5610,939
2021:01:22:10:03:43.880000,1611306223.88,-0.5603,16,-0.5603,0,-0.5715,60,-0.5638,122,-0.5715,185,-0.5603,247,-0.5532,313,-0.5490,372,-0.5518,434,-0.5511,497,-0.5567,561,-0.5631,623,-0.5708,688,-0.5645,750,-0.5680,813,-0.5708,875,-0.5624,938
2021:01:22:10:03:44.880000,1611306224.88,-0.5645,16,-0.5645,0,-0.5743,60,-0.5638,122,-0.5581,184,-0.5595,247,-0.5736,313,-0.5757,375,-0.5652,435,-0.5631,497,-0.5546,559,-0.5483,625,-0.5476,685,-0.5497,747,-0.5560,809,-0.5553,872,-0.5624,938
2021:01:22:10:03:45.878000,1611306225.878,-0.5574,16,-0.5574,0,-0.5701,65,-0.5631,127,-0.5518,188,-0.5497,252,-0.5490,315,-0.5469,377,-0.5701,440,-0.5638,500,-0.5595,565,-0.5525,625,-0.5581,689,-0.5476,752,-0.5595,815,-0.5560,877,-0.5610,940
2021:01:22:10:03:46.880000,1611306226.88,-0.5603,16,-0.5603,0,-0.5483,63,-0.5539,122,-0.5588,188,-0.5511,250,-0.5539,310,-0.5750,372,-0.5603,435,-0.5603,497,-0.5673,563,-0.5610,625,-0.5504,688,-0.5546,750,-0.5581,809,-0.5687,872,-0.5687,935
2021:01:22:10:03:47.880000,1611306227.88,-0.5511,16,-0.5511,0,-0.5497,60,-0.5560,125,-0.5659,184,-0.5603,251,-0.5539,313,-0.5539,372,-0.5546,434,-0.5610,497,-0.5652,561,-0.5638,625,-0.5539,684,-0.5511,747,-0.5511,810,-0.5483,872,-0.5434,935
2021:01:22:10:03:48.878000,1611306228.878,-0.5610,16,-0.5610,0,-0.5553,61,-0.5525,125,-0.5680,190,-0.5680,252,-0.5659,313,-0.5645,375,-0.5567,439,-0.5490,502,-0.5441,563,-0.5603,627,-0.5560,689,-0.5567,752,-0.5624,815,-0.5645,875,-0.5617,938
2021:01:22:10:03:49.879000,1611306229.879,-0.5581,16,-0.5581,0,-0.5694,63,-0.5603,125,-0.5553,189,-0.5610,250,-0.5574,313,-0.5694,375,-0.5680,440,-0.5553,500,-0.5694,565,-0.5645,627,-0.5595,688,-0.5638,750,-0.5588,811,-0.5581,875,-0.5680,938
2021:01:22:10:03:50.879000,1611306230.879,-0.5708,16,-0.5708,0,-0.5680,63,-0.5624,127,-0.5666,188,-0.5631,252,-0.5560,313,-0.5469,375,-0.5546,436,-0.5785,500,-0.5645,565,-0.5687,627,-0.5624,688,-0.5497,750,-0.5511,813,-0.5595,875,-0.5581,936
2021:01:22:10:03:51.881000,1611306231.881,-0.5666,16,-0.5666,0,-0.5560,59,-0.5476,125,-0.5525,184,-0.5553,250,-0.5511,310,-0.5581,373,-0.5673,435,-0.5715,500,-0.5610,563,-0.5652,622,-0.5617,685,-0.5785,750,-0.5792,811,-0.5687,875,-0.5799,938
2021:01:22:10:03:52.881000,1611306232.881,-0.5624,16,-0.5624,0,-0.5581,59,-0.5638,125,-0.5673,185,-0.5518,247,-0.5567,311,-0.5617,375,-0.5631,435,-0.5588,500,-0.5617,560,-0.5574,623,-0.5687,688,-0.5659,747,-0.5701,813,-0.5666,875,-0.5624,938
2021:01:22:10:03:53.879000,1611306233.879,-0.5666,16,-0.5666,0,-0.5525,61,-0.5680,125,-0.5645,188,-0.5694,252,-0.5553,311,-0.5645,377,-0.5652,439,-0.5750,502,-0.5659,561,-0.5504,627,-0.5617,688,-0.5588,749,-0.5736,813,-0.5588,877,-0.5539,936
2021:01:22:10:03:54.879000,1611306234.879,-0.5504,16,-0.5504,0,-0.5539,64,-0.5603,127,-0.5525,189,-0.5736,250,-0.5645,313,-0.5631,376,-0.5595,439,-0.5750,501,-0.5799,566,-0.5588,628,-0.5638,691,-0.5610,753,-0.5560,815,-0.5511,878,-0.5595,939
2021:01:22:10:03:55.879000,1611306235.879,-0.5532,16,-0.5532,0,-0.5624,65,-0.5659,125,-0.5567,189,-0.5553,250,-0.5694,315,-0.5666,375,-0.5666,438,-0.5750,500,-0.5666,565,-0.5567,623,-0.5666,688,-0.5694,752,-0.5652,813,-0.5603,877,-0.5617,940
2021:01:22:10:03:56.879000,1611306236.879,-0.5764,16,-0.5764,0,-0.5680,63,-0.5666,127,-0.5546,189,-0.5624,252,-0.5673,313,-0.5785,375,-0.5687,439,-0.5673,502,-0.5771,564,-0.5764,627,-0.5722,689,-0.5645,752,-0.5715,814,-0.5631,877,-0.5574,939
2021:01:22:10:03:57.881000,1611306237.881,-0.5595,16,-0.5595,0,-0.5617,61,-0.5757,122,-0.5708,186,-0.5652,250,-0.5638,313,-0.5638,372,-0.5631,436,-0.5631,497,-0.5687,561,-0.5638,622,-0.5581,684,-0.5455,750,-0.5624,811,-0.5708,875,-0.5722,935
2021:01:22:10:03:58.881000,1611306238.881,-0.5539,16,-0.5539,0,-0.5560,61,-0.5532,122,-0.5518,186,-0.5610,250,-0.5532,309,-0.5546,372,-0.5518,434,-0.5610,500,-0.5631,560,-0.5631,625,-0.5595,686,-0.5617,750,-0.5624,811,-0.5595,872,-0.5553,934
2021:01:22:10:03:59.880000,1611306239.88,-0.5581,16,-0.5581,0,-0.5567,63,-0.5567,125,-0.5617,188,-0.5603,248,-0.5603,311,-0.5595,373,-0.5476,435,-0.5476,498,-0.5532,563,-0.5532,623,-0.5624,688,-0.5560,747,-0.5595,814,-0.5567,872,-0.5680,938
2021:01:22:10:04:00.879000,1611306240.879,-0.5659,16,-0.5659,0,-0.5588,65,-0.5595,125,-0.5546,189,-0.5525,252,-0.5518,314,-0.5553,376,-0.5553,436,-0.5638,502,-0.5673,564,-0.5652,626,-0.5567,689,-0.5434,750,-0.5434,814,-0.5595,875,-0.5610,939
2021:01:22:10:04:01.881000,1611306241.881,-0.5532,16,-0.5532,0,-0.5525,59,-0.5581,121,-0.5638,186,-0.5603,247,-0.5624,310,-0.5574,372,-0.5595,435,-0.5638,500,-0.5610,561,-0.5617,622,-0.5750,686,-0.5652,747,-0.5645,811,-0.5595,875,-0.5624,934
2021:01:22:10:04:02.880000,1611306242.88,-0.5567,16,-0.5567,0,-0.5652,60,-0.5588,126,-0.5546,185,-0.5680,251,-0.5652,311,-0.5553,375,-0.5581,438,-0.5595,498,-0.5729,560,-0.5659,623,-0.5595,688,-0.5595,748,-0.5729,813,-0.5581,875,-0.5546,935
2021:01:22:10:04:03.880000,1611306243.88,-0.5546,16,-0.5546,0,-0.5539,60,-0.5532,123,-0.5701,185,-0.5631,251,-0.5680,314,-0.5666,373,-0.5652,435,-0.5581,497,-0.5659,560,-0.5532,623,-0.5525,685,-0.5546,750,-0.5560,813,-0.5497,876,-0.5525,938
2021:01:22:10:04:04.881000,1611306244.881,-0.5525,16,-0.5525,0,-0.5595,63,-0.5476,123,-0.5610,188,-0.5553,248,-0.5581,310,-0.5617,376,-0.5659,435,-0.5610,501,-0.5581,560,-0.5666,623,-0.5490,688,-0.5610,751,-0.5624,813,-0.5694,876,-0.5567,938
2021:01:22:10:04:05.880000,1611306245.88,-0.5525,16,-0.5525,0,-0.5652,61,-0.5567,123,-0.5687,188,-0.5525,250,-0.5518,311,-0.5680,375,-0.5666,436,-0.5638,502,-0.5624,561,-0.5532,625,-0.5539,686,-0.5588,752,-0.5701,811,-0.5511,875,-0.5476,939
2021:01:22:10:04:06.881000,1611306246.881,-0.5722,16,-0.5722,0,-0.5645,60,-0.5617,126,-0.5525,188,-0.5729,248,-0.5595,313,-0.5581,372,-0.5617,438,-0.5532,498,-0.5666,560,-0.5631,626,-0.5638,685,-0.5673,751,-0.5497,813,-0.5652,875,-0.5673,938
2021:01:22:10:04:07.882000,1611306247.882,-0.5666,16,-0.5666,0,-0.5532,61,-0.5581,123,-0.5532,186,-0.5595,250,-0.5617,311,-0.5638,372,-0.5595,436,-0.5483,500,-0.5483,559,-0.5659,621,-0.5539,684,-0.5581,746,-0.5574,811,-0.5610,875,-0.5581,934
2021:01:22:10:04:08.881000,1611306248.881,-0.5581,16,-0.5581,0,-0.5574,63,-0.5722,123,-0.5659,188,-0.5603,248,-0.5574,313,-0.5617,376,-0.5539,435,-0.5539,500,-0.5511,560,-0.5652,623,-0.5581,686,-0.5638,751,-0.5603,813,-0.5673,873,-0.5659,935
2021:01:22:10:04:09.882000,1611306249.882,-0.5771,16,-0.5771,0,-0.5610,61,-0.5715,122,-0.5588,184,-0.5631,250,-0.5645,313,-0.5588,371,-0.5574,436,-0.5694,497,-0.5673,561,-0.5610,622,-0.5610,686,-0.5588,750,-0.5553,811,-0.5595,872,-0.5511,936
2021:01:22:10:04:10.881000,1611306250.881,-0.5539,16,-0.5539,0,-0.5483,60,-0.5511,125,-0.5764,185,-0.5539,250,-0.5532,310,-0.5610,376,-0.5680,438,-0.5722,498,-0.5722,560,-0.5841,623,-0.5715,688,-0.5631,751,-0.5574,810,-0.5546,872,-0.5694,935
2021:01:22:10:04:11.880000,1611306251.88,-0.5595,16,-0.5595,0,-0.5708,61,-0.5722,125,-0.5785,186,-0.5673,250,-0.5631,313,-0.5687,377,-0.5659,436,-0.5666,502,-0.5610,564,-0.5567,623,-0.5560,686,-0.5539,748,-0.5595,814,-0.5581,875,-0.5581,939
2021:01:22:10:04:12.881000,1611306252.881,-0.5490,16,-0.5490,0,-0.5434,63,-0.5511,125,-0.5595,188,-0.5673,250,-0.5666,311,-0.5610,375,-0.5595,435,-0.5603,498,-0.5581,560,-0.5603,623,-0.5539,685,-0.5560,747,-0.5497,810,-0.5553,875,-0.5595,938
2021:01:22:10:04:13.882000,1611306253.882,-0.5588,16,-0.5588,0,-0.5553,60,-0.5610,123,-0.5624,185,-0.5652,248,-0.5680,312,-0.5722,373,-0.5659,437,-0.5708,498,-0.5701,560,-0.5729,625,-0.5595,685,-0.5567,747,-0.5490,810,-0.5610,873,-0.5539,935
2021:01:22:10:04:14.881000,1611306254.881,-0.5497,16,-0.5497,0,-0.5546,63,-0.5553,122,-0.5448,188,-0.5511,250,-0.5624,313,-0.5504,375,-0.5553,438,-0.5617,498,-0.5750,560,-0.5680,623,-0.5631,688,-0.5680,750,-0.5595,810,-0.5666,873,-0.5624,938
2021:01:22:10:04:15.881000,1611306255.881,-0.5567,16,-0.5567,0,-0.5610,60,-0.5553,125,-0.5595,188,-0.5539,250,-0.5567,313,-0.5483,375,-0.5546,438,-0.5553,500,-0.5483,563,-0.5567,622,-0.5595,685,-0.5680,748,-0.5574,811,-0.5574,875,-0.5645,935
2021:01:22:10:04:16.881000,1611306256.881,-0.5490,16,-0.5490,0,-0.5532,60,-0.5532,122,-0.5624,185,-0.5610,250,-0.5539,310,-0.5659,372,-0.5694,438,-0.5603,498,-0.5560,560,-0.5567,622,-0.5490,688,-0.5574,750,-0.5610,813,-0.5546,872,-0.5624,938
2021:01:22:10:04:17.880000,1611306257.88,-0.5617,16,-0.5617,0,-0.5617,64,-0.5617,126,-0.5595,189,-0.5631,251,-0.5743,314,-0.5624,376,-0.5617,436,-0.5546,498,-0.5736,561,-0.5595,625,-0.5687,689,-0.5624,751,-0.5694,811,-0.5701,875,-0.5574,938
2021:01:22:10:04:18.881000,1611306258.881,-0.5532,16,-0.5532,0,-0.5567,61,-0.5701,125,-0.5750,185,-0.5785,250,-0.5708,313,-0.5624,375,-0.5567,435,-0.5539,500,-0.5483,563,-0.5560,622,-0.5610,685,-0.5553,747,-0.5518,810,-0.5420,873,-0.5483,938
2021:01:22:10:04:19.882000,1611306259.882,-0.5427,16,-0.5427,0,-0.5343,60,-0.5518,125,-0.5666,185,-0.5553,250,-0.5666,311,-0.5588,372,-0.5581,434,-0.5574,497,-0.5588,559,-0.5560,625,-0.5687,688,-0.5701,748,-0.5694,810,-0.5701,873,-0.5659,938
2021:01:22:10:04:20.882000,1611306260.882,-0.5525,16,-0.5525,0,-0.5638,63,-0.5680,123,-0.5624,185,-0.5645,250,-0.5511,310,-0.5659,372,-0.5652,435,-0.5610,500,-0.5610,563,-0.5490,622,-0.5673,688,-0.5736,748,-0.5764,813,-0.5687,875,-0.5652,935
2021:01:22:10:04:21.883000,1611306261.883,-0.5588,16,-0.5588,0,-0.5631,62,-0.5610,124,-0.5659,185,-0.5659,247,-0.5574,310,-0.5539,374,-0.5546,435,-0.5483,499,-0.5603,562,-0.5603,623,-0.5581,686,-0.5504,749,-0.5652,810,-0.5722,873,-0.5673,935
2021:01:22:10:04:22.882000,1611306262.882,-0.5645,16,-0.5645,0,-0.5567,60,-0.5581,122,-0.5518,184,-0.5539,247,-0.5560,313,-0.5574,372,-0.5652,438,-0.5652,498,-0.5588,563,-0.5574,622,-0.5610,685,-0.5546,747,-0.5603,810,-0.5652,872,-0.5539,938
2021:01:22:10:04:23.881000,1611306263.881,-0.5631,16,-0.5631,0,-0.5567,60,-0.5694,126,-0.5736,189,-0.5645,251,-0.5610,314,-0.5567,373,-0.5617,436,-0.5560,498,-0.5638,564,-0.5750,625,-0.5806,686,-0.5736,751,-0.5617,814,-0.5652,873,-0.5785,939
2021:01:22:10:04:24.881000,1611306264.881,-0.5743,16,-0.5743,0,-0.5638,64,-0.5694,125,-0.5666,186,-0.5581,251,-0.5588,314,-0.5497,376,-0.5532,436,-0.5539,498,-0.5574,564,-0.5617,625,-0.5652,689,-0.5659,748,-0.5680,814,-0.5595,876,-0.5553,938
2021:01:22:10:04:25.882000,1611306265.882,-0.5603,16,-0.5603,0,-0.5560,61,-0.5595,123,-0.5574,186,-0.5581,250,-0.5687,310,-0.5539,375,-0.5588,434,-0.5617,500,-0.5638,563,-0.5610,625,-0.5532,685,-0.5595,750,-0.5673,810,-0.5687,873,-0.5715,935
2021:01:22:10:04:26.881000,1611306266.881,-0.5595,16,-0.5595,0,-0.5680,64,-0.5525,123,-0.5567,185,-0.5581,251,-0.5687,311,-0.5771,376,-0.5617,436,-0.5666,501,-0.5624,561,-0.5567,623,-0.5645,686,-0.5666,750,-0.5645,814,-0.5715,873,-0.5743,936
2021:01:22:10:04:27.882000,1611306267.882,-0.5595,16,-0.5595,0,-0.5624,63,-0.5624,125,-0.5567,184,-0.5666,248,-0.5610,310,-0.5518,375,-0.5610,438,-0.5603,498,-0.5574,559,-0.5511,622,-0.5567,686,-0.5603,748,-0.5539,810,-0.5581,872,-0.5539,938
2021:01:22:10:04:28.880000,1611306268.88,-0.5581,16,-0.5581,0,-0.5581,64,-0.5624,127,-0.5638,190,-0.5624,252,-0.5617,315,-0.5645,375,-0.5581,436,-0.5603,501,-0.5518,561,-0.5448,625,-0.5553,689,-0.5532,752,-0.5581,811,-0.5434,875,-0.5427,940
2021:01:22:10:04:29.880000,1611306269.88,-0.5406,16,-0.5406,0,-0.5462,65,-0.5539,125,-0.5469,190,-0.5581,250,-0.5525,315,-0.5539,376,-0.5617,440,-0.5588,501,-0.5701,564,-0.5560,627,-0.5659,688,-0.5560,751,-0.5581,815,-0.5574,877,-0.5581,938
2021:01:22:10:04:30.882000,1611306270.882,-0.5525,16,-0.5525,0,-0.5553,61,-0.5539,125,-0.5560,187,-0.5645,250,-0.5595,313,-0.5729,373,-0.5715,436,-0.5631,500,-0.5708,561,-0.5581,623,-0.5427,688,-0.5574,750,-0.5610,811,-0.5624,873,-0.5574,937
2021:01:22:10:04:31.880000,1611306271.88,-0.5581,16,-0.5581,0,-0.5595,64,-0.5666,126,-0.5603,189,-0.5638,250,-0.5631,313,-0.5567,376,-0.5518,439,-0.5539,501,-0.5617,563,-0.5694,626,-0.5729,686,-0.5680,750,-0.5652,813,-0.5546,876,-0.5715,938
2021:01:22:10:04:32.880000,1611306272.88,-0.5624,16,-0.5624,0,-0.5574,64,-0.5539,125,-0.5532,188,-0.5624,251,-0.5539,314,-0.5525,376,-0.5673,438,-0.5715,500,-0.5708,563,-0.5673,626,-0.5708,688,-0.5701,750,-0.5631,814,-0.5722,876,-0.5715,938
2021:01:22:10:04:33.882000,1611306273.882,-0.5792,16,-0.5792,0,-0.5673,63,-0.5645,123,-0.5560,187,-0.5659,248,-0.5610,313,-0.5701,375,-0.5701,438,-0.5638,498,-0.5553,562,-0.5617,623,-0.5645,686,-0.5617,748,-0.5631,811,-0.5525,873,-0.5581,935
2021:01:22:10:04:34.881000,1611306274.881,-0.5588,16,-0.5588,0,-0.5666,64,-0.5694,125,-0.5638,188,-0.5708,251,-0.5645,314,-0.5673,376,-0.5525,436,-0.5610,501,-0.5638,563,-0.5595,625,-0.5553,686,-0.5560,750,-0.5631,814,-0.5581,876,-0.5581,936
2021:01:22:10:04:35.881000,1611306275.881,-0.5518,16,-0.5518,0,-0.5518,61,-0.5553,125,-0.5581,186,-0.5581,251,-0.5617,314,-0.5687,376,-0.5588,439,-0.5624,500,-0.5532,563,-0.5673,625,-0.5715,688,-0.5736,751,-0.5778,813,-0.5638,876,-0.5666,939
2021:01:22:10:04:36.883000,1611306276.883,-0.5680,16,-0.5680,0,-0.5666,61,-0.5539,123,-0.5595,188,-0.5455,250,-0.5462,311,-0.5617,373,-0.5680,438,-0.5560,498,-0.5610,563,-0.5624,625,-0.5638,688,-0.5631,748,-0.5694,813,-0.5673,873,-0.5624,938
2021:01:22:10:04:37.882000,1611306277.882,-0.5581,16,-0.5581,0,-0.5560,60,-0.5673,123,-0.5680,188,-0.5624,250,-0.5581,310,-0.5497,375,-0.5525,435,-0.5673,500,-0.5659,563,-0.5645,625,-0.5694,686,-0.5673,748,-0.5455,811,-0.5546,873,-0.5595,936
2021:01:22:10:04:38.881000,1611306278.881,-0.5603,16,-0.5603,0,-0.5652,63,-0.5525,126,-0.5497,188,-0.5546,251,-0.5560,311,-0.5560,376,-0.5631,439,-0.5581,501,-0.5666,563,-0.5673,626,-0.5497,688,-0.5595,751,-0.5539,814,-0.5504,876,-0.5560,936
2021:01:22:10:04:39.882000,1611306279.882,-0.5581,16,-0.5581,0,-0.5736,61,-0.5624,123,-0.5624,188,-0.5708,250,-0.5532,313,-0.5483,373,-0.5659,438,-0.5659,498,-0.5588,563,-0.5532,625,-0.5532,688,-0.5539,748,-0.5673,811,-0.5610,875,-0.5595,936
2021:01:22:10:04:40.881000,1611306280.881,-0.5617,16,-0.5617,0,-0.5666,63,-0.5581,126,-0.5588,189,-0.5603,250,-0.5595,314,-0.5813,376,-0.5722,439,-0.5715,500,-0.5645,563,-0.5581,625,-0.5497,689,-0.5595,750,-0.5617,813,-0.5603,876,-0.5588,939
2021:01:22:10:04:41.883000,1611306281.883,-0.5617,16,-0.5617,0,-0.5666,61,-0.5610,125,-0.5673,186,-0.5603,250,-0.5546,312,-0.5546,375,-0.5631,438,-0.5645,500,-0.5624,561,-0.5581,624,-0.5638,687,-0.5595,748,-0.5659,813,-0.5708,873,-0.5659,938
2021:01:22:10:04:42.881000,1611306282.881,-0.5638,16,-0.5638,0,-0.5567,64,-0.5610,127,-0.5603,189,-0.5567,251,-0.5603,314,-0.5624,375,-0.5574,439,-0.5511,500,-0.5603,563,-0.5624,625,-0.5560,689,-0.5610,751,-0.5588,814,-0.5624,875,-0.5617,938
2021:01:22:10:04:43.881000,1611306283.881,-0.5673,16,-0.5673,0,-0.5666,64,-0.5701,126,-0.5652,189,-0.5694,251,-0.5624,314,-0.5638,375,-0.5588,436,-0.5532,501,-0.5567,564,-0.5553,625,-0.5603,688,-0.5553,751,-0.5645,814,-0.5574,876,-0.5708,938
2021:01:22:10:04:44.881000,1611306284.881,-0.5617,16,-0.5617,0,-0.5757,63,-0.5715,125,-0.5631,189,-0.5673,250,-0.5603,313,-0.5638,375,-0.5638,439,-0.5546,501,-0.5595,563,-0.5631,625,-0.5567,689,-0.5553,750,-0.5588,811,-0.5624,876,-0.5525,938
2021:01:22:10:04:45.881000,1611306285.881,-0.5638,16,-0.5638,0,-0.5659,61,-0.5638,125,-0.5518,189,-0.5546,251,-0.5624,313,-0.5701,376,-0.5659,439,-0.5645,501,-0.5567,564,-0.5595,625,-0.5652,686,-0.5624,750,-0.5610,814,-0.5610,876,-0.5581,939
2021:01:22:10:04:46.883000,1611306286.883,-0.5525,16,-0.5525,0,-0.5490,62,-0.5497,123,-0.5532,185,-0.5631,248,-0.5659,313,-0.5574,374,-0.5427,435,-0.5617,498,-0.5673,563,-0.5638,623,-0.5617,687,-0.5595,750,-0.5666,814,-0.5757,876,-0.5617,937
2021:01:22:10:04:47.881000,1611306287.881,-0.5715,16,-0.5715,0,-0.5694,63,-0.5603,126,-0.5595,188,-0.5567,248,-0.5610,314,-0.5539,376,-0.5546,438,-0.5581,498,-0.5694,563,-0.5666,626,-0.5694,688,-0.5525,751,-0.5497,813,-0.5546,875,-0.5595,938
2021:01:22:10:04:48.880000,1611306288.88,-0.5581,16,-0.5581,0,-0.5560,63,-0.5504,126,-0.5610,189,-0.5588,252,-0.5617,315,-0.5750,377,-0.5673,439,-0.5603,501,-0.5560,564,-0.5624,626,-0.5603,689,-0.5588,752,-0.5525,813,-0.5603,876,-0.5645,939
2021:01:22:10:04:49.884000,1611306289.884,-0.5525,16,-0.5525,0,-0.5610,61,-0.5645,123,-0.5750,186,-0.5645,248,-0.5511,311,-0.5588,375,-0.5567,436,-0.5694,498,-0.5624,560,-0.5588,622,-0.5588,685,-0.5560,748,-0.5603,811,-0.5624,873,-0.5560,935
2021:01:22:10:04:50.884000,1611306290.884,-0.5588,16,-0.5588,0,-0.5603,61,-0.5645,123,-0.5624,185,-0.5603,250,-0.5581,311,-0.5624,375,-0.5546,436,-0.5546,498,-0.5652,561,-0.5694,623,-0.5546,686,-0.5476,750,-0.5518,811,-0.5581,873,-0.5890,935
2021:01:22:10:04:51.884000,1611306291.884,-0.5785,16,-0.5785,0,-0.5757,60,-0.5743,125,-0.5631,186,-0.5581,247,-0.5427,311,-0.5518,372,-0.5729,435,-0.5645,498,-0.5610,561,-0.5546,623,-0.5595,685,-0.5603,748,-0.5715,811,-0.5574,872,-0.5511,936
2021:01:22:10:04:52.883000,1611306292.883,-0.5546,16,-0.5546,0,-0.5539,61,-0.5588,123,-0.5581,186,-0.5581,248,-0.5595,312,-0.5567,373,-0.5610,438,-0.5581,498,-0.5539,561,-0.5560,625,-0.5701,688,-0.5638,749,-0.5560,811,-0.5666,874,-0.5687,936
2021:01:22:10:04:53.884000,1611306293.884,-0.5624,16,-0.5624,0,-0.5652,60,-0.5729,122,-0.5715,186,-0.5659,247,-0.5687,313,-0.5560,372,-0.5729,435,-0.5722,498,-0.5701,561,-0.5673,623,-0.5722,685,-0.5722,750,-0.5687,811,-0.5631,875,-0.5610,936
2021:01:22:10:04:54.884000,1611306294.884,-0.5588,16,-0.5588,0,-0.5638,60,-0.5652,123,-0.5497,185,-0.5490,250,-0.5567,310,-0.5736,373,-0.5736,435,-0.5722,498,-0.5687,561,-0.5603,625,-0.5546,685,-0.5588,750,-0.5610,811,-0.5736,873,-0.5701,936
2021:01:22:10:04:55.881000,1611306295.881,-0.5581,16,-0.5581,0,-0.5560,63,-0.5638,127,-0.5652,189,-0.5680,251,-0.5687,314,-0.5603,376,-0.5560,439,-0.5560,501,-0.5603,564,-0.5694,626,-0.5806,688,-0.5722,751,-0.5603,814,-0.5497,876,-0.5483,939
2021:01:22:10:04:56.884000,1611306296.884,-0.5617,16,-0.5617,0,-0.5617,61,-0.5638,125,-0.5553,185,-0.5624,250,-0.5588,313,-0.5701,373,-0.5771,436,-0.5659,497,-0.5546,560,-0.5567,622,-0.5659,685,-0.5539,748,-0.5631,811,-0.5715,875,-0.5771,936
2021:01:22:10:04:57.884000,1611306297.884,-0.5659,16,-0.5659,0,-0.5617,60,-0.5708,125,-0.5581,185,-0.5518,248,-0.5673,311,-0.5645,375,-0.5610,436,-0.5610,500,-0.5574,560,-0.5595,625,-0.5617,686,-0.5581,747,-0.5567,810,-0.5610,875,-0.5595,935
2021:01:22:10:04:58.884000,1611306298.884,-0.5645,16,-0.5645,0,-0.5645,60,-0.5631,123,-0.5666,186,-0.5666,250,-0.5652,311,-0.5792,373,-0.5736,435,-0.5624,500,-0.5778,560,-0.5757,625,-0.5631,685,-0.5743,750,-0.5708,810,-0.5532,873,-0.5560,936
2021:01:22:10:04:59.883000,1611306299.883,-0.5511,16,-0.5511,0,-0.5603,63,-0.5680,124,-0.5743,186,-0.5764,251,-0.5659,311,-0.5624,374,-0.5617,436,-0.5532,499,-0.5518,561,-0.5638,626,-0.5624,688,-0.5645,749,-0.5546,813,-0.5546,875,-0.5595,938
2021:01:22:10:05:00.884000,1611306300.884,-0.5476,16,-0.5476,0,-0.5490,61,-0.5588,122,-0.5504,185,-0.5504,248,-0.5729,310,-0.5715,375,-0.5617,435,-0.5617,500,-0.5680,563,-0.5666,623,-0.5603,686,-0.5673,748,-0.5813,810,-0.5743,875,-0.5687,936
2021:01:22:10:05:01.882000,1611306301.882,-0.5736,16,-0.5736,0,-0.5722,61,-0.5610,125,-0.5581,186,-0.5631,250,-0.5631,311,-0.5581,373,-0.5511,436,-0.5581,498,-0.5610,563,-0.5715,626,-0.5680,688,-0.5638,750,-0.5624,813,-0.5722,875,-0.5743,936
2021:01:22:10:05:02.882000,1611306302.882,-0.5673,16,-0.5673,0,-0.5659,61,-0.5687,126,-0.5588,188,-0.5673,250,-0.5659,311,-0.5638,376,-0.5617,438,-0.5624,501,-0.5820,561,-0.5729,623,-0.5680,686,-0.5715,750,-0.5729,813,-0.5757,875,-0.5673,938
2021:01:22:10:05:03.883000,1611306303.883,-0.5581,16,-0.5581,0,-0.5546,63,-0.5595,126,-0.5560,187,-0.5518,250,-0.5757,313,-0.5694,376,-0.5687,436,-0.5659,498,-0.5694,561,-0.5553,623,-0.5603,686,-0.5687,751,-0.5652,811,-0.5588,873,-0.5532,938
2021:01:22:10:05:04.883000,1611306304.883,-0.5638,16,-0.5638,0,-0.5680,63,-0.5617,125,-0.5532,186,-0.5588,248,-0.5624,313,-0.5652,375,-0.5652,439,-0.5518,501,-0.5645,564,-0.5595,627,-0.5645,688,-0.5666,750,-0.5694,813,-0.5680,875,-0.5680,938
2021:01:22:10:05:05.882000,1611306305.882,-0.5659,16,-0.5659,0,-0.5792,64,-0.5666,125,-0.5497,189,-0.5652,251,-0.5666,314,-0.5617,375,-0.5659,439,-0.5687,502,-0.5673,564,-0.5617,625,-0.5736,688,-0.5624,752,-0.5659,813,-0.5680,877,-0.5610,938
2021:01:22:10:05:06.883000,1611306306.883,-0.5778,16,-0.5778,0,-0.5673,62,-0.5624,126,-0.5617,187,-0.5680,250,-0.5624,314,-0.5567,376,-0.5666,439,-0.5743,500,-0.5694,562,-0.5715,626,-0.5581,688,-0.5638,750,-0.5518,814,-0.5525,876,-0.5511,939
2021:01:22:10:05:07.884000,1611306307.884,-0.5567,16,-0.5567,0,-0.5539,61,-0.5617,125,-0.5722,188,-0.5659,248,-0.5666,313,-0.5574,375,-0.5595,436,-0.5680,498,-0.5567,561,-0.5581,623,-0.5666,686,-0.5603,748,-0.5687,811,-0.5771,873,-0.5715,936
2021:01:22:10:05:08.884000,1611306308.884,-0.5778,16,-0.5778,0,-0.5764,63,-0.5666,123,-0.5666,186,-0.5645,250,-0.5610,311,-0.5588,373,-0.5652,436,-0.5694,500,-0.5743,561,-0.5652,625,-0.5722,688,-0.5603,751,-0.5631,813,-0.5680,873,-0.5518,935
2021:01:22:10:05:09.883000,1611306309.883,-0.5595,16,-0.5595,0,-0.5574,62,-0.5546,124,-0.5581,188,-0.5574,251,-0.5603,312,-0.5729,374,-0.5750,437,-0.5687,501,-0.5792,564,-0.5638,626,-0.5694,687,-0.5631,751,-0.5617,814,-0.5666,877,-0.5659,937
2021:01:22:10:05:10.883000,1611306310.883,-0.5701,16,-0.5701,0,-0.5771,62,-0.5610,126,-0.5567,188,-0.5715,250,-0.5652,313,-0.5666,376,-0.5708,437,-0.5652,501,-0.5588,564,-0.5722,625,-0.5715,687,-0.5624,751,-0.5673,814,-0.5624,876,-0.5567,938
2021:01:22:10:05:11.883000,1611306311.883,-0.5595,16,-0.5595,0,-0.5659,64,-0.5701,125,-0.5659,189,-0.5588,252,-0.5610,314,-0.5617,375,-0.5490,439,-0.5448,501,-0.5603,564,-0.5617,626,-0.5603,687,-0.5652,749,-0.5799,812,-0.5673,875,-0.5603,937
2021:01:22:10:05:12.882000,1611306312.882,-0.5511,16,-0.5511,0,-0.5511,63,-0.5539,126,-0.5603,189,-0.5476,251,-0.5574,313,-0.5574,376,-0.5525,438,-0.5581,501,-0.5546,563,-0.5469,625,-0.5610,689,-0.5603,751,-0.5652,813,-0.5581,875,-0.5581,936
2021:01:22:10:05:13.882000,1611306313.882,-0.5617,16,-0.5617,0,-0.5588,64,-0.5617,126,-0.5588,189,-0.5539,251,-0.5532,313,-0.5595,375,-0.5567,436,-0.5722,500,-0.5638,564,-0.5659,625,-0.5525,688,-0.5666,751,-0.5764,813,-0.5588,875,-0.5603,939
2021:01:22:10:05:14.882000,1611306314.882,-0.5652,16,-0.5652,0,-0.5680,63,-0.5560,125,-0.5673,188,-0.5666,251,-0.5673,313,-0.5694,376,-0.5701,438,-0.5673,500,-0.5736,563,-0.5553,625,-0.5624,688,-0.5673,751,-0.5603,813,-0.5546,876,-0.5617,939
2021:01:22:10:05:15.882000,1611306315.882,-0.5652,16,-0.5652,0,-0.5687,63,-0.5624,126,-0.5757,188,-0.5764,250,-0.5722,314,-0.5652,375,-0.5666,438,-0.5743,501,-0.5673,564,-0.5708,625,-0.5666,688,-0.5687,750,-0.5532,814,-0.5546,876,-0.5567,938
2021:01:22:10:05:16.883000,1611306316.883,-0.5687,16,-0.5687,0,-0.5624,64,-0.5694,126,-0.5708,187,-0.5673,251,-0.5701,314,-0.5708,376,-0.5638,439,-0.5764,501,-0.5638,564,-0.5701,626,-0.5708,689,-0.5652,749,-0.5701,814,-0.5581,876,-0.5546,936
2021:01:22:10:05:17.882000,1611306317.882,-0.5757,16,-0.5757,0,-0.5729,64,-0.5645,125,-0.5581,186,-0.5525,250,-0.5511,313,-0.5624,375,-0.5546,438,-0.5539,500,-0.5652,563,-0.5553,626,-0.5631,688,-0.5574,750,-0.5518,814,-0.5610,876,-0.5603,938
2021:01:22:10:05:18.882000,1611306318.882,-0.5490,16,-0.5490,0,-0.5427,63,-0.5357,126,-0.5652,188,-0.5603,251,-0.5504,313,-0.5610,376,-0.5588,436,-0.5631,501,-0.5617,564,-0.5736,626,-0.5553,688,-0.5581,751,-0.5729,811,-0.5729,876,-0.5722,938
2021:01:22:10:05:19.883000,1611306319.883,-0.5645,16,-0.5645,0,-0.5581,63,-0.5610,126,-0.5574,186,-0.5638,251,-0.5603,313,-0.5638,376,-0.5603,438,-0.5617,501,-0.5631,563,-0.5617,626,-0.5687,688,-0.5736,750,-0.5722,813,-0.5736,876,-0.5743,939
2021:01:22:10:05:20.883000,1611306320.883,-0.5652,16,-0.5652,0,-0.5673,64,-0.5617,126,-0.5631,189,-0.5610,250,-0.5588,311,-0.5595,376,-0.5624,439,-0.5567,501,-0.5567,563,-0.5659,626,-0.5581,688,-0.5588,751,-0.5673,814,-0.5603,876,-0.5567,936
2021:01:22:10:05:21.885000,1611306321.885,-0.5462,16,-0.5462,0,-0.5659,60,-0.5701,125,-0.5680,188,-0.5631,248,-0.5694,311,-0.5638,375,-0.5560,436,-0.5511,498,-0.5687,561,-0.5666,625,-0.5560,685,-0.5490,750,-0.5434,814,-0.5371,873,-0.5525,938
2021:01:22:10:05:22.885000,1611306322.885,-0.5532,16,-0.5532,0,-0.5581,61,-0.5546,125,-0.5546,186,-0.5483,250,-0.5624,313,-0.5617,375,-0.5624,435,-0.5813,497,-0.5645,563,-0.5645,625,-0.5645,685,-0.5631,747,-0.5631,810,-0.5567,872,-0.5617,935
2021:01:22:10:05:23.883000,1611306323.883,-0.5624,16,-0.5624,0,-0.5631,63,-0.5581,125,-0.5560,189,-0.5645,250,-0.5553,313,-0.5638,377,-0.5588,437,-0.5610,500,-0.5511,564,-0.5680,625,-0.5624,690,-0.5497,752,-0.5560,814,-0.5666,875,-0.5581,937
2021:01:22:10:05:24.885000,1611306324.885,-0.5532,16,-0.5532,0,-0.5631,60,-0.5469,122,-0.5624,188,-0.5539,250,-0.5610,310,-0.5680,372,-0.5722,435,-0.5610,500,-0.5694,560,-0.5631,622,-0.5610,685,-0.5680,750,-0.5680,810,-0.5631,875,-0.5799,935
2021:01:22:10:05:25.883000,1611306325.883,-0.5701,16,-0.5701,0,-0.5736,65,-0.5722,125,-0.5511,189,-0.5581,250,-0.5539,315,-0.5560,375,-0.5694,438,-0.5560,500,-0.5539,564,-0.5624,625,-0.5715,690,-0.5638,750,-0.5631,815,-0.5631,877,-0.5680,938
2021:01:22:10:05:26.883000,1611306326.883,-0.5666,16,-0.5666,0,-0.5560,64,-0.5624,125,-0.5687,188,-0.5694,252,-0.5694,313,-0.5652,375,-0.5603,438,-0.5483,500,-0.5546,564,-0.5610,627,-0.5539,687,-0.5511,750,-0.5469,813,-0.5553,877,-0.5715,938
2021:01:22:10:05:27.885000,1611306327.885,-0.5645,16,-0.5645,0,-0.5525,60,-0.5518,122,-0.5504,186,-0.5659,247,-0.5645,313,-0.5722,375,-0.5645,435,-0.5518,497,-0.5469,560,-0.5532,625,-0.5539,685,-0.5603,747,-0.5631,810,-0.5518,875,-0.5610,935
2021:01:22:10:05:28.885000,1611306328.885,-0.5743,16,-0.5743,0,-0.5574,61,-0.5603,122,-0.5680,188,-0.5708,247,-0.5687,313,-0.5743,375,-0.5652,435,-0.5673,497,-0.5624,563,-0.5645,625,-0.5659,688,-0.5680,747,-0.5610,813,-0.5708,875,-0.5673,935
2021:01:22:10:05:29.885000,1611306329.885,-0.5610,16,-0.5610,0,-0.5694,60,-0.5729,122,-0.5673,185,-0.5645,247,-0.5666,313,-0.5694,375,-0.5617,435,-0.5645,500,-0.5701,560,-0.5638,625,-0.5645,686,-0.5652,747,-0.5624,810,-0.5666,872,-0.5687,938
2021:01:22:10:05:30.885000,1611306330.885,-0.5624,16,-0.5624,0,-0.5638,60,-0.5588,125,-0.5567,185,-0.5560,247,-0.5595,310,-0.5631,375,-0.5581,435,-0.5448,500,-0.5511,560,-0.5581,622,-0.5595,685,-0.5673,750,-0.5581,811,-0.5539,875,-0.5567,936
2021:01:22:10:05:31.883000,1611306331.883,-0.5617,16,-0.5617,0,-0.5680,65,-0.5617,127,-0.5701,189,-0.5645,250,-0.5574,314,-0.5595,375,-0.5624,438,-0.5680,500,-0.5729,562,-0.5624,627,-0.5525,689,-0.5546,750,-0.5624,814,-0.5539,875,-0.5469,939
2021:01:22:10:05:32.885000,1611306332.885,-0.5455,16,-0.5455,0,-0.5511,60,-0.5603,122,-0.5680,186,-0.5701,250,-0.5729,310,-0.5729,372,-0.5638,435,-0.5736,500,-0.5785,560,-0.5764,625,-0.5750,686,-0.5750,747,-0.5813,813,-0.5771,875,-0.5581,936
2021:01:22:10:05:33.885000,1611306333.885,-0.5504,16,-0.5504,0,-0.5581,60,-0.5581,123,-0.5652,185,-0.5743,247,-0.5532,311,-0.5574,373,-0.5525,435,-0.5595,500,-0.5511,561,-0.5652,625,-0.5729,685,-0.5624,750,-0.5560,811,-0.5680,875,-0.5694,935
2021:01:22:10:05:34.886000,1611306334.886,-0.5687,16,-0.5687,0,-0.5743,61,-0.5729,125,-0.5560,185,-0.5574,248,-0.5750,310,-0.5673,372,-0.5666,435,-0.5603,497,-0.5532,561,-0.5659,622,-0.5645,685,-0.5631,747,-0.5736,810,-0.5687,875,-0.5869,938
2021:01:22:10:05:35.886000,1611306335.886,-0.5708,16,-0.5708,0,-0.5680,60,-0.5588,125,-0.5574,186,-0.5603,247,-0.5729,310,-0.5666,375,-0.5715,435,-0.5525,500,-0.5574,561,-0.5680,625,-0.5666,685,-0.5603,747,-0.5666,810,-0.5560,873,-0.5483,935
2021:01:22:10:05:36.883000,1611306336.883,-0.5567,16,-0.5567,0,-0.5581,64,-0.5574,126,-0.5722,188,-0.5673,250,-0.5645,313,-0.5645,375,-0.5687,438,-0.5603,500,-0.5715,563,-0.5652,625,-0.5581,689,-0.5525,750,-0.5483,813,-0.5666,877,-0.5560,939
2021:01:22:10:05:37.886000,1611306337.886,-0.5455,16,-0.5455,0,-0.5638,61,-0.5624,125,-0.5687,185,-0.5624,250,-0.5694,310,-0.5673,372,-0.5581,435,-0.5462,497,-0.5378,564,-0.5371,622,-0.5659,685,-0.5743,747,-0.5694,810,-0.5539,872,-0.5603,936
2021:01:22:10:05:38.883000,1611306338.883,-0.5581,16,-0.5581,0,-0.5553,63,-0.5617,125,-0.5560,189,-0.5546,250,-0.5729,313,-0.5652,376,-0.5617,438,-0.5610,500,-0.5715,564,-0.5666,625,-0.5645,688,-0.5729,752,-0.5743,813,-0.5757,875,-0.5722,938
2021:01:22:10:05:39.884000,1611306339.884,-0.5694,16,-0.5694,0,-0.5708,64,-0.5553,126,-0.5546,189,-0.5645,252,-0.5680,314,-0.5708,378,-0.5581,439,-0.5687,503,-0.5792,565,-0.5687,628,-0.5792,690,-0.5645,753,-0.5771,815,-0.5715,876,-0.5694,940
2021:01:22:10:05:40.886000,1611306340.886,-0.5764,16,-0.5764,0,-0.5785,59,-0.5785,122,-0.5750,186,-0.5617,247,-0.5715,311,-0.5743,375,-0.5764,434,-0.5659,496,-0.5708,559,-0.5645,625,-0.5546,686,-0.5799,746,-0.5610,811,-0.5581,871,-0.5567,936
2021:01:22:10:05:41.886000,1611306341.886,-0.5610,16,-0.5610,0,-0.5476,59,-0.5553,123,-0.5645,184,-0.5603,247,-0.5567,309,-0.5687,372,-0.5603,436,-0.5553,498,-0.5603,561,-0.5652,622,-0.5567,684,-0.5553,746,-0.5595,811,-0.5539,871,-0.5497,934
2021:01:22:10:05:42.884000,1611306342.884,-0.5638,16,-0.5638,0,-0.5764,64,-0.5680,127,-0.5694,189,-0.5610,252,-0.5603,313,-0.5785,377,-0.5701,439,-0.5595,500,-0.5497,564,-0.5525,625,-0.5518,686,-0.5553,751,-0.5624,814,-0.5694,875,-0.5687,939
2021:01:22:10:05:43.886000,1611306343.886,-0.5610,16,-0.5610,0,-0.5638,59,-0.5567,121,-0.5617,184,-0.5603,247,-0.5680,311,-0.5687,375,-0.5778,436,-0.5652,498,-0.5729,561,-0.5701,622,-0.5638,684,-0.5631,750,-0.5645,809,-0.5617,872,-0.5729,936
2021:01:22:10:05:44.883000,1611306344.883,-0.5581,16,-0.5581,0,-0.5490,65,-0.5610,128,-0.5631,189,-0.5701,253,-0.5715,315,-0.5638,378,-0.5645,440,-0.5659,500,-0.5532,563,-0.5617,628,-0.5729,688,-0.5652,752,-0.5701,813,-0.5687,878,-0.5722,938
2021:01:22:10:05:45.884000,1611306345.884,-0.5778,16,-0.5778,0,-0.5666,64,-0.5652,126,-0.5574,186,-0.5595,250,-0.5673,314,-0.5659,377,-0.5638,439,-0.5666,500,-0.5595,564,-0.5722,626,-0.5743,689,-0.5729,752,-0.5617,811,-0.5581,873,-0.5581,936
2021:01:22:10:05:46.883000,1611306346.883,-0.5448,16,-0.5448,0,-0.5659,65,-0.5567,125,-0.5532,188,-0.5455,251,-0.5413,315,-0.5392,376,-0.5631,440,-0.5595,503,-0.5687,563,-0.5638,626,-0.5567,690,-0.5560,752,-0.5581,814,-0.5680,876,-0.5553,940
2021:01:22:10:05:47.886000,1611306347.886,-0.5764,16,-0.5764,0,-0.5666,61,-0.5652,122,-0.5687,186,-0.5687,247,-0.5701,311,-0.5603,375,-0.5581,434,-0.5617,497,-0.5666,561,-0.5680,622,-0.5687,686,-0.5666,750,-0.5476,809,-0.5525,872,-0.5574,934
2021:01:22:10:05:48.886000,1611306348.886,-0.5631,16,-0.5631,0,-0.5631,61,-0.5631,122,-0.5659,186,-0.5525,248,-0.5694,311,-0.5687,372,-0.5588,434,-0.5638,500,-0.5701,559,-0.5687,622,-0.5771,684,-0.5701,750,-0.5708,811,-0.5673,872,-0.5708,936
2021:01:22:10:05:49.885000,1611306349.885,-0.5673,16,-0.5673,0,-0.5764,64,-0.5757,125,-0.5708,186,-0.5574,248,-0.5645,314,-0.5638,377,-0.5553,439,-0.5483,502,-0.5497,561,-0.5624,627,-0.5567,689,-0.5532,748,-0.5631,814,-0.5567,876,-0.5624,936
2021:01:22:10:05:50.887000,1611306350.887,-0.5603,16,-0.5603,0,-0.5729,61,-0.5595,122,-0.5525,184,-0.5652,247,-0.5581,310,-0.5645,375,-0.5581,435,-0.5588,496,-0.5581,560,-0.5595,622,-0.5462,684,-0.5490,748,-0.5553,811,-0.5504,873,-0.5610,936
2021:01:22:10:05:51.886000,1611306351.886,-0.5652,16,-0.5652,0,-0.5687,63,-0.5553,125,-0.5546,185,-0.5617,251,-0.5581,310,-0.5659,372,-0.5539,438,-0.5603,498,-0.5603,563,-0.5560,622,-0.5624,688,-0.5610,751,-0.5574,810,-0.5574,872,-0.5715,935
2021:01:22:10:05:52.887000,1611306352.887,-0.5736,16,-0.5736,0,-0.5624,59,-0.5581,121,-0.5687,186,-0.5546,248,-0.5687,309,-0.5631,375,-0.5603,434,-0.5511,498,-0.5638,559,-0.5666,622,-0.5701,686,-0.5743,748,-0.5603,811,-0.5617,875,-0.5750,936
2021:01:22:10:05:53.885000,1611306353.885,-0.5666,16,-0.5666,0,-0.5659,61,-0.5518,123,-0.5708,186,-0.5869,248,-0.5680,314,-0.5581,373,-0.5610,436,-0.5680,500,-0.5581,561,-0.5567,626,-0.5560,688,-0.5645,750,-0.5708,811,-0.5715,876,-0.5708,936
2021:01:22:10:05:54.887000,1611306354.887,-0.5638,16,-0.5638,0,-0.5736,59,-0.5645,123,-0.5687,184,-0.5659,250,-0.5750,311,-0.5624,375,-0.5581,435,-0.5645,497,-0.5581,559,-0.5680,625,-0.5771,684,-0.5778,748,-0.5722,811,-0.5624,873,-0.5645,934
2021:01:22:10:05:55.885000,1611306355.885,-0.5595,16,-0.5595,0,-0.5603,64,-0.5553,123,-0.5504,189,-0.5666,252,-0.5476,311,-0.5483,376,-0.5546,438,-0.5588,502,-0.5490,564,-0.5673,627,-0.5610,686,-0.5624,752,-0.5567,813,-0.5539,873,-0.5476,939
2021:01:22:10:05:56.886000,1611306356.886,-0.5497,16,-0.5497,0,-0.5427,63,-0.5413,125,-0.5490,188,-0.5518,250,-0.5617,313,-0.5560,375,-0.5518,435,-0.5603,501,-0.5511,563,-0.5567,622,-0.5532,685,-0.5638,750,-0.5546,814,-0.5631,875,-0.5610,936
2021:01:22:10:05:57.886000,1611306357.886,-0.5638,16,-0.5638,0,-0.5603,60,-0.5631,123,-0.5673,188,-0.5518,250,-0.5483,310,-0.5483,375,-0.5539,435,-0.5434,500,-0.5588,563,-0.5525,625,-0.5588,688,-0.5532,747,-0.5497,813,-0.5546,872,-0.5581,936
2021:01:22:10:05:58.884000,1611306358.884,-0.5722,16,-0.5722,0,-0.5659,63,-0.5638,127,-0.5638,188,-0.5595,251,-0.5581,314,-0.5532,375,-0.5399,438,-0.5511,500,-0.5490,563,-0.5525,625,-0.5588,690,-0.5497,752,-0.5610,813,-0.5469,877,-0.5469,940
2021:01:22:10:05:59.886000,1611306359.886,-0.5574,16,-0.5574,0,-0.5595,60,-0.5617,125,-0.5673,185,-0.5701,248,-0.5694,310,-0.5603,373,-0.5673,435,-0.5778,498,-0.5771,563,-0.5785,625,-0.5617,688,-0.5532,750,-0.5666,810,-0.5673,875,-0.5659,938
2021:01:22:10:06:00.886000,1611306360.886,-0.5666,16,-0.5666,0,-0.5680,60,-0.5729,122,-0.5595,185,-0.5567,250,-0.5687,310,-0.5701,375,-0.5638,438,-0.5820,500,-0.5827,563,-0.5610,625,-0.5645,685,-0.5595,750,-0.5687,810,-0.5715,875,-0.5610,938
2021:01:22:10:06:01.886000,1611306361.886,-0.5624,16,-0.5624,0,-0.5659,60,-0.5673,123,-0.5617,188,-0.5729,247,-0.5750,313,-0.5659,376,-0.5666,435,-0.5743,500,-0.5708,563,-0.5666,625,-0.5638,685,-0.5645,750,-0.5673,813,-0.5715,875,-0.5652,935
2021:01:22:10:06:02.887000,1611306362.887,-0.5603,16,-0.5603,0,-0.5581,58,-0.5610,122,-0.5652,185,-0.5603,247,-0.5701,311,-0.5680,372,-0.5694,434,-0.5687,497,-0.5673,559,-0.5546,623,-0.5539,686,-0.5764,748,-0.5778,809,-0.5722,871,-0.5680,936
2021:01:22:10:06:03.884000,1611306363.884,-0.5588,16,-0.5588,0,-0.5666,63,-0.5574,127,-0.5553,186,-0.5581,250,-0.5631,315,-0.5574,377,-0.5687,438,-0.5631,501,-0.5638,563,-0.5588,625,-0.5574,689,-0.5595,752,-0.5659,811,-0.5595,877,-0.5603,938
2021:01:22:10:06:04.887000,1611306364.887,-0.5476,16,-0.5476,0,-0.5490,63,-0.5539,125,-0.5666,185,-0.5631,248,-0.5581,311,-0.5659,372,-0.5729,434,-0.5806,497,-0.5785,563,-0.5722,622,-0.5624,685,-0.5603,750,-0.5483,810,-0.5490,872,-0.5511,935
2021:01:22:10:06:05.887000,1611306365.887,-0.5588,16,-0.5588,0,-0.5729,63,-0.5659,125,-0.5560,184,-0.5652,250,-0.5666,310,-0.5581,373,-0.5588,434,-0.5469,500,-0.5518,559,-0.5638,625,-0.5687,685,-0.5694,747,-0.5617,813,-0.5610,875,-0.5567,934
2021:01:22:10:06:06.885000,1611306366.885,-0.5588,16,-0.5588,0,-0.5455,65,-0.5539,125,-0.5525,188,-0.5546,252,-0.5701,313,-0.5834,375,-0.5792,439,-0.5617,502,-0.5525,564,-0.5603,625,-0.5546,689,-0.5659,752,-0.5680,815,-0.5694,875,-0.5631,940
2021:01:22:10:06:07.887000,1611306367.887,-0.5631,16,-0.5631,0,-0.5617,63,-0.5652,125,-0.5546,185,-0.5560,247,-0.5673,310,-0.5645,372,-0.5806,435,-0.5603,500,-0.5588,559,-0.5581,622,-0.5518,688,-0.5638,747,-0.5652,810,-0.5820,875,-0.5729,938
2021:01:22:10:06:08.885000,1611306368.885,-0.5778,16,-0.5778,0,-0.5595,63,-0.5497,127,-0.5560,186,-0.5624,252,-0.5659,313,-0.5567,377,-0.5610,440,-0.5673,501,-0.5532,564,-0.5567,625,-0.5638,688,-0.5729,750,-0.5806,813,-0.5666,877,-0.5715,938
2021:01:22:10:06:09.887000,1611306369.887,-0.5687,16,-0.5687,0,-0.5610,63,-0.5638,125,-0.5553,186,-0.5652,247,-0.5680,313,-0.5595,372,-0.5553,436,-0.5701,497,-0.5729,559,-0.5806,622,-0.5673,685,-0.5595,750,-0.5497,810,-0.5560,872,-0.5525,935
2021:01:22:10:06:10.885000,1611306370.885,-0.5652,16,-0.5652,0,-0.5680,65,-0.5610,127,-0.5610,188,-0.5652,252,-0.5624,313,-0.5631,377,-0.5701,440,-0.5673,502,-0.5553,565,-0.5567,627,-0.5504,689,-0.5350,750,-0.5588,811,-0.5574,877,-0.5553,939
2021:01:22:10:06:11.887000,1611306371.887,-0.5560,16,-0.5560,0,-0.5504,60,-0.5560,122,-0.5574,186,-0.5567,247,-0.5680,310,-0.5546,372,-0.5567,436,-0.5694,497,-0.5595,560,-0.5525,622,-0.5581,686,-0.5624,750,-0.5617,813,-0.5574,872,-0.5631,938
2021:01:22:10:06:12.885000,1611306372.885,-0.5553,16,-0.5553,0,-0.5525,64,-0.5455,125,-0.5441,189,-0.5546,250,-0.5729,313,-0.5581,377,-0.5483,440,-0.5581,500,-0.5610,565,-0.5595,625,-0.5708,690,-0.5666,752,-0.5652,814,-0.5553,877,-0.5532,939
2021:01:22:10:06:13.885000,1611306373.885,-0.5652,16,-0.5652,0,-0.5595,65,-0.5722,127,-0.5841,188,-0.5645,252,-0.5525,313,-0.5525,377,-0.5588,440,-0.5680,500,-0.5603,565,-0.5504,625,-0.5504,689,-0.5476,750,-0.5588,815,-0.5652,875,-0.5511,938
2021:01:22:10:06:14.885000,1611306374.885,-0.5595,16,-0.5595,0,-0.5567,64,-0.5624,125,-0.5701,189,-0.5638,253,-0.5659,315,-0.5581,377,-0.5546,438,-0.5680,503,-0.5645,564,-0.5617,626,-0.5687,689,-0.5617,753,-0.5581,813,-0.5729,876,-0.5806,939
2021:01:22:10:06:15.887000,1611306375.887,-0.5961,16,-0.5961,0,-0.5792,60,-0.5715,122,-0.5708,187,-0.5778,250,-0.5631,310,-0.5624,375,-0.5581,435,-0.5525,497,-0.5574,561,-0.5532,622,-0.5539,686,-0.5511,750,-0.5701,810,-0.5834,872,-0.5722,935
2021:01:22:10:06:16.887000,1611306376.887,-0.5729,16,-0.5729,0,-0.5680,62,-0.5680,125,-0.5610,187,-0.5595,250,-0.5574,309,-0.5455,372,-0.5420,435,-0.5385,497,-0.5603,563,-0.5476,625,-0.5553,686,-0.5743,747,-0.5785,810,-0.5659,872,-0.5588,934
2021:01:22:10:06:17.887000,1611306377.887,-0.5659,16,-0.5659,0,-0.5638,61,-0.5750,122,-0.5617,185,-0.5553,248,-0.5462,310,-0.5603,375,-0.5631,435,-0.5476,497,-0.5588,562,-0.5539,625,-0.5638,687,-0.5708,747,-0.5701,810,-0.5588,871,-0.5652,935
2021:01:22:10:06:18.885000,1611306378.885,-0.5708,16,-0.5708,0,-0.5757,63,-0.5722,125,-0.5610,188,-0.5595,250,-0.5553,311,-0.5588,373,-0.5525,436,-0.5645,500,-0.5504,564,-0.5553,627,-0.5546,689,-0.5694,752,-0.5666,813,-0.5610,877,-0.5701,939
2021:01:22:10:06:19.888000,1611306379.888,-0.5869,16,-0.5869,0,-0.5687,62,-0.5715,125,-0.5687,185,-0.5588,250,-0.5553,311,-0.5574,372,-0.5441,435,-0.5504,500,-0.5595,560,-0.5588,621,-0.5532,686,-0.5511,747,-0.5525,811,-0.5553,872,-0.5546,934
2021:01:22:10:06:20.887000,1611306380.887,-0.5567,16,-0.5567,0,-0.5624,63,-0.5532,123,-0.5560,185,-0.5595,248,-0.5567,310,-0.5595,376,-0.5610,438,-0.5588,497,-0.5687,561,-0.5694,626,-0.5497,688,-0.5694,748,-0.5708,813,-0.5638,876,-0.5574,938
2021:01:22:10:06:21.886000,1611306381.886,-0.5701,16,-0.5701,0,-0.5652,63,-0.5617,127,-0.5574,189,-0.5567,251,-0.5532,311,-0.5666,375,-0.5631,438,-0.5666,500,-0.5743,564,-0.5722,625,-0.5652,689,-0.5638,752,-0.5567,811,-0.5546,875,-0.5511,939
2021:01:22:10:06:22.887000,1611306382.887,-0.5581,16,-0.5581,0,-0.5631,61,-0.5687,126,-0.5539,188,-0.5631,250,-0.5708,311,-0.5645,373,-0.5574,438,-0.5610,501,-0.5722,563,-0.5764,623,-0.5764,688,-0.5673,751,-0.5525,813,-0.5631,876,-0.5610,938
2021:01:22:10:06:23.886000,1611306383.886,-0.5610,16,-0.5610,0,-0.5581,64,-0.5694,125,-0.5659,186,-0.5659,252,-0.5638,314,-0.5757,377,-0.5581,436,-0.5504,502,-0.5525,564,-0.5610,625,-0.5694,688,-0.5610,752,-0.5659,811,-0.5687,877,-0.5701,939
2021:01:22:10:06:24.886000,1611306384.886,-0.5652,16,-0.5652,0,-0.5532,61,-0.5581,126,-0.5631,188,-0.5743,252,-0.5715,313,-0.5539,375,-0.5610,439,-0.5631,502,-0.5638,564,-0.5560,625,-0.5413,689,-0.5560,751,-0.5603,814,-0.5694,877,-0.5610,938
2021:01:22:10:06:25.888000,1611306385.888,-0.5729,16,-0.5729,0,-0.5680,61,-0.5581,123,-0.5525,186,-0.5722,247,-0.5715,312,-0.5624,372,-0.5652,434,-0.5645,500,-0.5673,560,-0.5581,621,-0.5560,684,-0.5539,747,-0.5680,811,-0.5666,875,-0.5617,936
2021:01:22:10:06:26.888000,1611306386.888,-0.5610,16,-0.5610,0,-0.5624,59,-0.5764,122,-0.5799,184,-0.5680,250,-0.5595,310,-0.5448,375,-0.5595,435,-0.5553,497,-0.5631,561,-0.5574,623,-0.5553,686,-0.5581,746,-0.5673,811,-0.5617,875,-0.5638,934
2021:01:22:10:06:27.888000,1611306387.888,-0.5588,16,-0.5588,0,-0.5680,61,-0.5546,121,-0.5525,184,-0.5617,247,-0.5645,310,-0.5610,372,-0.5483,436,-0.5518,500,-0.5511,561,-0.5659,625,-0.5652,684,-0.5687,750,-0.5701,811,-0.5659,871,-0.5610,936
2021:01:22:10:06:28.888000,1611306388.888,-0.5652,16,-0.5652,0,-0.5638,61,-0.5610,125,-0.5701,186,-0.5638,250,-0.5694,310,-0.5736,372,-0.5673,435,-0.5645,500,-0.5553,561,-0.5799,622,-0.5694,684,-0.5673,747,-0.5708,811,-0.5574,873,-0.5581,934
2021:01:22:10:06:29.888000,1611306389.888,-0.5595,16,-0.5595,0,-0.5603,61,-0.5701,122,-0.5708,186,-0.5701,250,-0.5638,310,-0.5785,372,-0.5687,436,-0.5624,500,-0.5680,561,-0.5680,625,-0.5694,684,-0.5757,750,-0.5750,809,-0.5806,872,-0.5736,934
2021:01:22:10:06:30.888000,1611306390.888,-0.5799,16,-0.5799,0,-0.5680,61,-0.5722,122,-0.5757,187,-0.5680,247,-0.5546,311,-0.5624,375,-0.5659,434,-0.5743,497,-0.5687,561,-0.5638,622,-0.5610,686,-0.5595,750,-0.5652,809,-0.5595,872,-0.5652,934
2021:01:22:10:06:31.887000,1611306391.887,-0.5546,16,-0.5546,0,-0.5638,63,-0.5574,122,-0.5631,185,-0.5610,251,-0.5553,310,-0.5532,375,-0.5511,438,-0.5553,497,-0.5645,560,-0.5771,623,-0.5659,688,-0.5525,751,-0.5574,811,-0.5560,873,-0.5525,938
2021:01:22:10:06:32.887000,1611306392.887,-0.5574,16,-0.5574,0,-0.5708,60,-0.5743,125,-0.5687,185,-0.5694,248,-0.5722,312,-0.5750,375,-0.5659,435,-0.5701,500,-0.5659,560,-0.5792,623,-0.5631,687,-0.5666,748,-0.5595,810,-0.5659,873,-0.5694,935
2021:01:22:10:06:33.886000,1611306393.886,-0.5715,16,-0.5715,0,-0.5603,61,-0.5624,125,-0.5595,188,-0.5624,251,-0.5694,313,-0.5624,376,-0.5715,436,-0.5687,501,-0.5617,563,-0.5532,625,-0.5680,686,-0.5645,750,-0.5659,811,-0.5659,873,-0.5588,936
2021:01:22:10:06:34.889000,1611306394.889,-0.5595,16,-0.5595,0,-0.5588,59,-0.5581,122,-0.5532,186,-0.5511,248,-0.5652,311,-0.5904,375,-0.5638,436,-0.5624,498,-0.5603,561,-0.5595,625,-0.5631,686,-0.5785,748,-0.5659,810,-0.5659,872,-0.5603,936
2021:01:22:10:06:35.889000,1611306395.889,-0.5743,16,-0.5743,0,-0.5652,61,-0.5680,123,-0.5595,185,-0.5588,247,-0.5546,310,-0.5652,373,-0.5560,435,-0.5603,498,-0.5701,560,-0.5659,622,-0.5631,686,-0.5617,748,-0.5673,811,-0.5652,874,-0.5687,936
2021:01:22:10:06:36.889000,1611306396.889,-0.5694,16,-0.5694,0,-0.5553,60,-0.5476,125,-0.5539,186,-0.5603,250,-0.5560,311,-0.5553,374,-0.5574,435,-0.5462,498,-0.5603,560,-0.5567,624,-0.5539,686,-0.5455,750,-0.5462,810,-0.5567,872,-0.5553,936
2021:01:22:10:06:37.887000,1611306397.887,-0.5497,16,-0.5497,0,-0.5448,61,-0.5413,125,-0.5560,186,-0.5392,251,-0.5546,313,-0.5511,376,-0.5595,436,-0.5687,500,-0.5708,563,-0.5574,623,-0.5595,686,-0.5567,751,-0.5553,811,-0.5490,875,-0.5532,938
2021:01:22:10:06:38.889000,1611306398.889,-0.5595,16,-0.5595,0,-0.5652,60,-0.5666,123,-0.5785,185,-0.5694,250,-0.5553,311,-0.5448,372,-0.5581,436,-0.5518,499,-0.5581,561,-0.5476,623,-0.5588,684,-0.5553,747,-0.5483,811,-0.5462,873,-0.5511,935
2021:01:22:10:06:39.887000,1611306399.887,-0.5603,16,-0.5603,0,-0.5518,61,-0.5546,123,-0.5680,186,-0.5574,248,-0.5483,311,-0.5553,376,-0.5497,438,-0.5553,501,-0.5610,563,-0.5497,626,-0.5525,688,-0.5532,751,-0.5504,813,-0.5567,876,-0.5511,936
2021:01:22:10:06:40.886000,1611306400.886,-0.5588,16,-0.5588,0,-0.5659,63,-0.5588,127,-0.5631,188,-0.5687,251,-0.5553,314,-0.5511,377,-0.5553,439,-0.5624,501,-0.5588,561,-0.5560,627,-0.5581,688,-0.5595,751,-0.5652,813,-0.5574,875,-0.5490,939
2021:01:22:10:06:41.888000,1611306401.888,-0.5574,16,-0.5574,0,-0.5483,62,-0.5497,122,-0.5469,185,-0.5399,250,-0.5574,310,-0.5483,373,-0.5455,435,-0.5399,500,-0.5560,560,-0.5532,625,-0.5567,685,-0.5546,747,-0.5581,811,-0.5553,872,-0.5539,935
2021:01:22:10:06:42.888000,1611306402.888,-0.5574,16,-0.5574,0,-0.5525,62,-0.5617,125,-0.5532,187,-0.5687,250,-0.5595,310,-0.5574,375,-0.5595,435,-0.5673,498,-0.5490,560,-0.5497,625,-0.5708,687,-0.5638,750,-0.5715,812,-0.5687,875,-0.5617,937
2021:01:22:10:06:43.886000,1611306403.886,-0.5567,16,-0.5567,0,-0.5617,63,-0.5553,125,-0.5666,188,-0.5652,252,-0.5588,311,-0.5673,376,-0.5736,439,-0.5645,501,-0.5574,563,-0.5497,627,-0.5546,689,-0.5588,750,-0.5708,813,-0.5588,877,-0.5680,938
2021:01:22:10:06:44.887000,1611306404.887,-0.5694,16,-0.5694,0,-0.5708,61,-0.5687,126,-0.5574,188,-0.5743,250,-0.5736,311,-0.5588,373,-0.5539,436,-0.5624,501,-0.5631,561,-0.5617,625,-0.5588,688,-0.5673,750,-0.5701,811,-0.5617,875,-0.5546,938
2021:01:22:10:06:45.887000,1611306405.887,-0.5666,16,-0.5666,0,-0.5687,63,-0.5757,125,-0.5701,186,-0.5652,251,-0.5652,313,-0.5687,376,-0.5638,438,-0.5518,498,-0.5553,563,-0.5532,626,-0.5588,688,-0.5546,748,-0.5666,813,-0.5546,876,-0.5546,938
2021:01:22:10:06:46.886000,1611306406.886,-0.5574,16,-0.5574,0,-0.5617,63,-0.5645,127,-0.5455,189,-0.5546,252,-0.5595,314,-0.5638,377,-0.5715,438,-0.5729,502,-0.5638,564,-0.5624,626,-0.5638,689,-0.5581,750,-0.5680,814,-0.5560,875,-0.5638,939
2021:01:22:10:06:47.886000,1611306407.886,-0.5567,16,-0.5567,0,-0.5659,63,-0.5715,127,-0.5624,189,-0.5574,250,-0.5652,313,-0.5610,377,-0.5581,436,-0.5560,500,-0.5631,564,-0.5722,625,-0.5722,688,-0.5750,752,-0.5722,814,-0.5708,877,-0.5687,938
2021:01:22:10:06:48.888000,1611306408.888,-0.5722,16,-0.5722,0,-0.5827,60,-0.5757,125,-0.5764,187,-0.5701,248,-0.5631,312,-0.5497,375,-0.5525,437,-0.5546,500,-0.5553,561,-0.5652,623,-0.5603,687,-0.5581,747,-0.5694,810,-0.5546,875,-0.5574,936
2021:01:22:10:06:49.889000,1611306409.889,-0.5645,16,-0.5645,0,-0.5666,62,-0.5595,125,-0.5595,185,-0.5539,248,-0.5546,312,-0.5525,375,-0.5539,436,-0.5638,498,-0.5617,563,-0.5792,625,-0.5659,686,-0.5595,750,-0.5659,810,-0.5624,875,-0.5483,938
2021:01:22:10:06:50.888000,1611306410.888,-0.5624,16,-0.5624,0,-0.5581,60,-0.5462,123,-0.5476,188,-0.5525,250,-0.5427,313,-0.5497,375,-0.5595,438,-0.5553,500,-0.5610,561,-0.5567,625,-0.5715,686,-0.5722,748,-0.5701,813,-0.5715,875,-0.5729,936
2021:01:22:10:06:51.887000,1611306411.887,-0.5659,16,-0.5659,0,-0.5638,63,-0.5652,126,-0.5736,189,-0.5631,251,-0.5553,314,-0.5560,376,-0.5581,436,-0.5462,500,-0.5553,563,-0.5490,626,-0.5469,688,-0.5455,750,-0.5624,813,-0.5539,875,-0.5462,938
2021:01:22:10:06:52.887000,1611306412.887,-0.5588,16,-0.5588,0,-0.5518,61,-0.5567,125,-0.5497,189,-0.5420,251,-0.5581,313,-0.5638,376,-0.5518,438,-0.5771,501,-0.5785,563,-0.5715,626,-0.5743,689,-0.5610,751,-0.5652,813,-0.5722,875,-0.5729,936
2021:01:22:10:06:53.887000,1611306413.887,-0.5645,16,-0.5645,0,-0.5588,61,-0.5553,126,-0.5603,188,-0.5715,251,-0.5603,313,-0.5588,376,-0.5504,439,-0.5497,500,-0.5581,561,-0.5603,626,-0.5518,689,-0.5490,750,-0.5518,811,-0.5638,875,-0.5645,939
2021:01:22:10:06:54.887000,1611306414.887,-0.5553,16,-0.5553,0,-0.5427,64,-0.5624,126,-0.5631,189,-0.5659,250,-0.5617,313,-0.5624,376,-0.5624,438,-0.5666,501,-0.5638,563,-0.5560,626,-0.5581,688,-0.5617,751,-0.5595,813,-0.5617,876,-0.5694,938
2021:01:22:10:06:55.889000,1611306415.889,-0.5715,16,-0.5715,0,-0.5729,63,-0.5708,123,-0.5624,188,-0.5581,249,-0.5560,311,-0.5701,373,-0.5588,438,-0.5553,500,-0.5448,560,-0.5469,623,-0.5638,688,-0.5567,750,-0.5511,811,-0.5567,875,-0.5631,936
2021:01:22:10:06:56.887000,1611306416.887,-0.5574,16,-0.5574,0,-0.5603,63,-0.5574,125,-0.5694,189,-0.5645,251,-0.5757,313,-0.5483,375,-0.5659,436,-0.5631,501,-0.5638,564,-0.5610,626,-0.5666,689,-0.5631,751,-0.5462,813,-0.5588,876,-0.5539,938
2021:01:22:10:06:57.887000,1611306417.887,-0.5624,16,-0.5624,0,-0.5687,63,-0.5827,126,-0.5743,188,-0.5764,250,-0.5617,313,-0.5722,375,-0.5736,439,-0.5581,500,-0.5680,563,-0.5680,626,-0.5680,689,-0.5539,750,-0.5624,814,-0.5631,875,-0.5638,938
2021:01:22:10:06:58.889000,1611306418.889,-0.5631,16,-0.5631,0,-0.5567,60,-0.5462,123,-0.5631,188,-0.5546,250,-0.5441,311,-0.5336,373,-0.5413,438,-0.5525,500,-0.5638,561,-0.5525,623,-0.5469,688,-0.5532,750,-0.5448,810,-0.5392,873,-0.5441,936
2021:01:22:10:06:59.887000,1611306419.887,-0.5413,16,-0.5413,0,-0.5610,64,-0.5638,125,-0.5701,189,-0.5680,251,-0.5757,314,-0.5631,375,-0.5539,436,-0.5560,500,-0.5532,563,-0.5399,626,-0.5652,688,-0.5560,750,-0.5518,811,-0.5581,876,-0.5483,939
2021:01:22:10:07:00.890000,1611306420.89,-0.5553,16,-0.5553,0,-0.5483,60,-0.5511,123,-0.5673,185,-0.5546,247,-0.5455,311,-0.5567,372,-0.5532,434,-0.5434,498,-0.5624,561,-0.5567,622,-0.5560,684,-0.5603,748,-0.5631,810,-0.5511,873,-0.5441,935
2021:01:22:10:07:01.887000,1611306421.887,-0.5574,16,-0.5574,0,-0.5560,63,-0.5581,125,-0.5673,188,-0.5680,250,-0.5827,313,-0.5715,376,-0.5722,438,-0.5581,500,-0.5631,564,-0.5539,626,-0.5476,688,-0.5476,750,-0.5567,813,-0.5497,876,-0.5610,939
2021:01:22:10:07:02.890000,1611306422.89,-0.5567,16,-0.5567,0,-0.5504,60,-0.5532,122,-0.5638,185,-0.5617,247,-0.5588,311,-0.5603,372,-0.5729,434,-0.5610,498,-0.5645,560,-0.5603,622,-0.5736,685,-0.5666,747,-0.5581,810,-0.5518,873,-0.5462,935
2021:01:22:10:07:03.887000,1611306423.887,-0.5399,16,-0.5399,0,-0.5483,63,-0.5539,125,-0.5490,188,-0.5504,251,-0.5448,311,-0.5511,376,-0.5624,438,-0.5652,501,-0.5476,563,-0.5603,625,-0.5617,689,-0.5539,750,-0.5567,811,-0.5462,875,-0.5476,938
2021:01:22:10:07:04.890000,1611306424.89,-0.5666,16,-0.5666,0,-0.5708,61,-0.5624,125,-0.5546,185,-0.5476,250,-0.5610,313,-0.5588,372,-0.5539,435,-0.5546,498,-0.5631,563,-0.5750,625,-0.5694,688,-0.5680,748,-0.5603,813,-0.5680,873,-0.5539,936
2021:01:22:10:07:05.890000,1611306425.89,-0.5490,16,-0.5490,0,-0.5624,63,-0.5603,123,-0.5539,185,-0.5603,250,-0.5490,313,-0.5708,375,-0.5567,436,-0.5708,500,-0.5680,561,-0.5624,625,-0.5525,685,-0.5504,750,-0.5511,811,-0.5497,873,-0.5680,936
2021:01:22:10:07:06.890000,1611306426.89,-0.5743,16,-0.5743,0,-0.5750,63,-0.5680,125,-0.5708,186,-0.5729,250,-0.5673,311,-0.5610,375,-0.5567,436,-0.5427,500,-0.5553,560,-0.5574,623,-0.5546,686,-0.5595,749,-0.5532,811,-0.5455,876,-0.5603,936
2021:01:22:10:07:07.891000,1611306427.891,-0.5722,16,-0.5722,0,-0.5806,61,-0.5764,122,-0.5631,185,-0.5631,248,-0.5666,309,-0.5701,373,-0.5631,435,-0.5525,497,-0.5595,561,-0.5595,622,-0.5631,685,-0.5588,748,-0.5617,810,-0.5631,873,-0.5673,934
2021:01:22:10:07:08.890000,1611306428.89,-0.5532,16,-0.5532,0,-0.5722,60,-0.5736,123,-0.5687,188,-0.5750,248,-0.5736,310,-0.5659,375,-0.5617,435,-0.5708,500,-0.5588,560,-0.5680,623,-0.5610,685,-0.5610,748,-0.5588,813,-0.5595,873,-0.5553,936
2021:01:22:10:07:09.888000,1611306429.888,-0.5518,16,-0.5518,0,-0.5532,63,-0.5490,126,-0.5539,188,-0.5504,251,-0.5539,311,-0.5603,376,-0.5603,437,-0.5652,501,-0.5722,562,-0.5673,625,-0.5680,689,-0.5595,750,-0.5525,811,-0.5595,875,-0.5595,939
2021:01:22:10:07:10.890000,1611306430.89,-0.5539,16,-0.5539,0,-0.5567,61,-0.5546,123,-0.5462,186,-0.5567,248,-0.5595,310,-0.5546,373,-0.5497,436,-0.5490,500,-0.5406,561,-0.5441,623,-0.5581,686,-0.5595,750,-0.5518,810,-0.5581,873,-0.5603,935
2021:01:22:10:07:11.888000,1611306431.888,-0.5525,16,-0.5525,0,-0.5553,63,-0.5617,125,-0.5631,187,-0.5638,251,-0.5553,311,-0.5469,376,-0.5420,437,-0.5588,498,-0.5595,562,-0.5581,625,-0.5687,688,-0.5617,751,-0.5595,812,-0.5624,875,-0.5708,938
2021:01:22:10:07:12.890000,1611306432.89,-0.5610,16,-0.5610,0,-0.5722,60,-0.5532,125,-0.5652,185,-0.5603,250,-0.5645,310,-0.5603,373,-0.5581,435,-0.5476,498,-0.5434,560,-0.5413,623,-0.5490,685,-0.5546,748,-0.5603,811,-0.5546,872,-0.5553,935
2021:01:22:10:07:13.890000,1611306433.89,-0.5617,16,-0.5617,0,-0.5567,60,-0.5666,123,-0.5504,186,-0.5624,250,-0.5539,311,-0.5687,373,-0.5581,436,-0.5673,498,-0.5567,560,-0.5673,625,-0.5617,686,-0.5574,748,-0.5645,811,-0.5595,873,-0.5624,935
2021:01:22:10:07:14.889000,1611306434.889,-0.5553,16,-0.5553,0,-0.5652,61,-0.5631,126,-0.5617,186,-0.5659,249,-0.5694,311,-0.5722,374,-0.5624,438,-0.5617,499,-0.5455,563,-0.5553,623,-0.5427,686,-0.5567,750,-0.5525,811,-0.5652,875,-0.5567,938
2021:01:22:10:07:15.888000,1611306435.888,-0.5567,16,-0.5567,0,-0.5631,63,-0.5581,123,-0.5553,186,-0.5603,250,-0.5490,312,-0.5469,376,-0.5567,438,-0.5560,498,-0.5525,561,-0.5511,625,-0.5504,688,-0.5504,751,-0.5518,811,-0.5420,875,-0.5476,938
2021:01:22:10:07:16.888000,1611306436.888,-0.5617,16,-0.5617,0,-0.5595,61,-0.5624,126,-0.5624,186,-0.5673,250,-0.5567,311,-0.5708,375,-0.5624,437,-0.5694,500,-0.5736,562,-0.5708,625,-0.5610,688,-0.5624,751,-0.5617,811,-0.5546,875,-0.5666,936
2021:01:22:10:07:17.887000,1611306437.887,-0.5659,16,-0.5659,0,-0.5673,63,-0.5546,125,-0.5581,188,-0.5588,252,-0.5595,313,-0.5631,377,-0.5560,439,-0.5624,501,-0.5553,564,-0.5490,626,-0.5652,688,-0.5581,750,-0.5666,813,-0.5771,877,-0.5701,939
2021:01:22:10:07:18.890000,1611306438.89,-0.5638,16,-0.5638,0,-0.5525,61,-0.5574,123,-0.5553,185,-0.5518,250,-0.5560,311,-0.5603,373,-0.5560,436,-0.5560,497,-0.5673,560,-0.5645,623,-0.5610,686,-0.5603,750,-0.5553,811,-0.5539,873,-0.5553,935
2021:01:22:10:07:19.889000,1611306439.889,-0.5701,16,-0.5701,0,-0.5645,61,-0.5617,125,-0.5673,187,-0.5631,251,-0.5673,312,-0.5610,376,-0.5666,438,-0.5757,500,-0.5708,561,-0.5588,623,-0.5757,686,-0.5771,750,-0.5813,813,-0.5764,875,-0.5708,938
2021:01:22:10:07:20.890000,1611306440.89,-0.5687,16,-0.5687,0,-0.5652,61,-0.5588,123,-0.5497,188,-0.5673,249,-0.5708,311,-0.5680,374,-0.5539,438,-0.5546,498,-0.5525,561,-0.5532,625,-0.5441,688,-0.5567,748,-0.5603,813,-0.5617,876,-0.5581,936
2021:01:22:10:07:21.888000,1611306441.888,-0.5532,16,-0.5532,0,-0.5574,64,-0.5715,126,-0.5624,188,-0.5581,250,-0.5687,314,-0.5652,376,-0.5673,438,-0.5645,501,-0.5659,563,-0.5588,627,-0.5680,688,-0.5574,751,-0.5610,813,-0.5581,875,-0.5581,938
2021:01:22:10:07:22.890000,1611306442.89,-0.5546,16,-0.5546,0,-0.5504,61,-0.5560,125,-0.5539,186,-0.5546,249,-0.5567,313,-0.5469,376,-0.5659,436,-0.5581,500,-0.5406,561,-0.5476,626,-0.5595,686,-0.5441,749,-0.5441,811,-0.5476,876,-0.5525,938
2021:01:22:10:07:23.891000,1611306443.891,-0.5771,16,-0.5771,0,-0.5645,61,-0.5617,123,-0.5560,185,-0.5371,248,-0.5518,311,-0.5490,373,-0.5588,434,-0.5497,498,-0.5617,560,-0.5553,622,-0.5595,686,-0.5757,750,-0.5638,811,-0.5736,875,-0.5743,936
2021:01:22:10:07:24.889000,1611306444.889,-0.5722,16,-0.5722,0,-0.5715,61,-0.5792,125,-0.5631,189,-0.5595,252,-0.5574,314,-0.5610,375,-0.5574,439,-0.5546,500,-0.5546,564,-0.5539,626,-0.5595,687,-0.5581,750,-0.5441,812,-0.5476,875,-0.5504,937
2021:01:22:10:07:25.889000,1611306445.889,-0.5610,16,-0.5610,0,-0.5624,61,-0.5532,125,-0.5490,189,-0.5553,251,-0.5673,313,-0.5701,375,-0.5638,436,-0.5792,501,-0.5848,564,-0.5638,625,-0.5624,689,-0.5574,751,-0.5617,811,-0.5595,875,-0.5603,939
2021:01:22:10:07:26.890000,1611306446.89,-0.5588,16,-0.5588,0,-0.5588,63,-0.5624,123,-0.5610,185,-0.5581,250,-0.5504,313,-0.5603,373,-0.5588,438,-0.5483,501,-0.5378,560,-0.5539,623,-0.5462,685,-0.5588,751,-0.5687,813,-0.5694,873,-0.5610,938
2021:01:22:10:07:27.890000,1611306447.89,-0.5539,16,-0.5539,0,-0.5645,60,-0.5455,123,-0.5455,185,-0.5511,248,-0.5567,313,-0.5546,373,-0.5392,435,-0.5385,501,-0.5595,560,-0.5546,623,-0.5553,688,-0.5455,748,-0.5497,813,-0.5532,873,-0.5560,935
2021:01:22:10:07:28.889000,1611306448.889,-0.5455,16,-0.5455,0,-0.5567,63,-0.5567,124,-0.5539,186,-0.5652,250,-0.5624,314,-0.5645,375,-0.5546,436,-0.5574,499,-0.5694,564,-0.5659,624,-0.5701,686,-0.5666,750,-0.5659,814,-0.5638,877,-0.5595,939
2021:01:22:10:07:29.889000,1611306449.889,-0.5652,16,-0.5652,0,-0.5610,64,-0.5617,127,-0.5588,186,-0.5546,251,-0.5595,313,-0.5715,375,-0.5624,436,-0.5553,501,-0.5673,561,-0.5624,627,-0.5595,689,-0.5652,750,-0.5638,814,-0.5680,877,-0.5638,939
2021:01:22:10:07:30.891000,1611306450.891,-0.5595,16,-0.5595,0,-0.5546,59,-0.5560,122,-0.5722,184,-0.5652,247,-0.5645,311,-0.5610,375,-0.5617,436,-0.5560,498,-0.5441,561,-0.5455,622,-0.5483,684,-0.5581,748,-0.5518,811,-0.5652,873,-0.5743,934
2021:01:22:10:07:31.888000,1611306451.888,-0.5574,16,-0.5574,0,-0.5666,64,-0.5722,125,-0.5595,189,-0.5736,252,-0.5778,314,-0.5715,376,-0.5785,439,-0.5617,502,-0.5595,562,-0.5539,626,-0.5687,687,-0.5645,750,-0.5617,812,-0.5638,875,-0.5659,937
2021:01:22:10:07:32.889000,1611306452.889,-0.5736,16,-0.5736,0,-0.5645,64,-0.5497,124,-0.5617,189,-0.5546,251,-0.5581,311,-0.5617,376,-0.5617,439,-0.5631,501,-0.5666,564,-0.5694,626,-0.5652,686,-0.5638,751,-0.5638,811,-0.5701,876,-0.5715,936
2021:01:22:10:07:33.890000,1611306453.89,-0.5736,16,-0.5736,0,-0.5722,61,-0.5687,125,-0.5764,188,-0.5736,251,-0.5771,310,-0.5757,373,-0.5666,438,-0.5806,501,-0.5750,560,-0.5680,625,-0.5574,686,-0.5483,748,-0.5666,813,-0.5666,876,-0.5539,938
2021:01:22:10:07:34.891000,1611306454.891,-0.5546,16,-0.5546,0,-0.5652,63,-0.5567,123,-0.5743,188,-0.5757,250,-0.5687,310,-0.5673,376,-0.5750,435,-0.5827,500,-0.5743,563,-0.5694,626,-0.5532,685,-0.5574,748,-0.5581,810,-0.5567,875,-0.5680,938
2021:01:22:10:07:35.891000,1611306455.891,-0.5785,16,-0.5785,0,-0.5701,60,-0.5638,125,-0.5701,188,-0.5603,248,-0.5645,313,-0.5617,373,-0.5553,436,-0.5694,500,-0.5687,560,-0.5701,625,-0.5659,685,-0.5673,748,-0.5834,810,-0.5715,875,-0.5673,938
2021:01:22:10:07:36.889000,1611306456.889,-0.5638,16,-0.5638,0,-0.5539,62,-0.5603,125,-0.5694,189,-0.5722,251,-0.5659,312,-0.5645,375,-0.5603,439,-0.5694,501,-0.5764,564,-0.5687,626,-0.5617,689,-0.5603,750,-0.5525,814,-0.5652,876,-0.5588,936
2021:01:22:10:07:37.890000,1611306457.89,-0.5673,16,-0.5673,0,-0.5610,61,-0.5546,124,-0.5673,186,-0.5687,250,-0.5645,311,-0.5603,376,-0.5581,436,-0.5525,499,-0.5504,561,-0.5553,624,-0.5581,688,-0.5631,751,-0.5560,813,-0.5567,876,-0.5645,936
2021:01:22:10:07:38.891000,1611306458.891,-0.5708,16,-0.5708,0,-0.5546,60,-0.5504,123,-0.5518,185,-0.5525,250,-0.5652,310,-0.5638,373,-0.5574,436,-0.5701,500,-0.5764,560,-0.5680,625,-0.5567,685,-0.5624,750,-0.5610,813,-0.5525,873,-0.5511,936
2021:01:22:10:07:39.889000,1611306459.889,-0.5518,16,-0.5518,0,-0.5652,62,-0.5588,125,-0.5581,188,-0.5462,251,-0.5595,314,-0.5610,376,-0.5603,439,-0.5687,501,-0.5694,564,-0.5743,625,-0.5701,689,-0.5652,750,-0.5659,811,-0.5532,875,-0.5511,938
2021:01:22:10:07:40.892000,1611306460.892,-0.5588,16,-0.5588,0,-0.5469,61,-0.5581,122,-0.5539,184,-0.5595,248,-0.5581,309,-0.5617,372,-0.5603,434,-0.5638,497,-0.5497,559,-0.5434,623,-0.5511,684,-0.5588,747,-0.5581,810,-0.5511,873,-0.5560,935
2021:01:22:10:07:41.891000,1611306461.891,-0.5525,16,-0.5525,0,-0.5603,64,-0.5652,123,-0.5581,185,-0.5546,248,-0.5743,310,-0.5659,375,-0.5708,435,-0.5638,498,-0.5511,560,-0.5694,623,-0.5659,689,-0.5624,751,-0.5757,811,-0.5855,873,-0.5687,936
2021:01:22:10:07:42.891000,1611306462.891,-0.5701,16,-0.5701,0,-0.5595,63,-0.5764,125,-0.5764,188,-0.5785,250,-0.5771,310,-0.5757,375,-0.5666,435,-0.5603,498,-0.5694,563,-0.5581,623,-0.5553,686,-0.5490,750,-0.5448,813,-0.5476,875,-0.5406,935
2021:01:22:10:07:43.889000,1611306463.889,-0.5448,16,-0.5448,0,-0.5617,65,-0.5610,127,-0.5624,190,-0.5687,252,-0.5736,315,-0.5624,377,-0.5736,438,-0.5532,502,-0.5666,563,-0.5581,626,-0.5560,689,-0.5631,750,-0.5687,815,-0.5525,875,-0.5546,939
2021:01:22:10:07:44.890000,1611306464.89,-0.5610,16,-0.5610,0,-0.5567,64,-0.5610,126,-0.5588,185,-0.5694,248,-0.5722,311,-0.5617,376,-0.5539,436,-0.5553,501,-0.5504,564,-0.5673,625,-0.5750,689,-0.5736,748,-0.5560,813,-0.5736,876,-0.5736,936
2021:01:22:10:07:45.891000,1611306465.891,-0.5553,16,-0.5553,0,-0.5848,63,-0.5750,122,-0.5785,185,-0.5799,247,-0.5785,310,-0.5708,375,-0.5567,434,-0.5666,497,-0.5841,560,-0.5680,622,-0.5701,688,-0.5680,750,-0.5553,809,-0.5631,872,-0.5680,935
2021:01:22:10:07:46.891000,1611306466.891,-0.5588,16,-0.5588,0,-0.5638,63,-0.5659,125,-0.5673,185,-0.5715,247,-0.5497,310,-0.5420,375,-0.5434,435,-0.5624,500,-0.5588,559,-0.5518,622,-0.5553,686,-0.5483,747,-0.5469,810,-0.5532,875,-0.5715,935
2021:01:22:10:07:47.891000,1611306467.891,-0.5624,16,-0.5624,0,-0.5680,60,-0.5603,122,-0.5581,186,-0.5525,247,-0.5617,313,-0.5792,372,-0.5687,438,-0.5617,500,-0.5624,563,-0.5631,622,-0.5581,684,-0.5638,750,-0.5610,813,-0.5603,872,-0.5455,935
2021:01:22:10:07:48.889000,1611306468.889,-0.5385,16,-0.5385,0,-0.5385,65,-0.5420,127,-0.5532,186,-0.5560,252,-0.5490,313,-0.5539,377,-0.5462,438,-0.5483,500,-0.5532,565,-0.5539,625,-0.5553,686,-0.5441,752,-0.5588,815,-0.5666,876,-0.5539,939
2021:01:22:10:07:49.892000,1611306469.892,-0.5553,16,-0.5553,0,-0.5504,61,-0.5624,125,-0.5532,184,-0.5680,250,-0.5631,313,-0.5497,372,-0.5504,438,-0.5455,497,-0.5476,563,-0.5490,622,-0.5497,685,-0.5610,747,-0.5511,810,-0.5546,872,-0.5588,934
2021:01:22:10:07:50.890000,1611306470.89,-0.5553,16,-0.5553,0,-0.5645,65,-0.5525,127,-0.5680,188,-0.5631,250,-0.5645,315,-0.5680,377,-0.5617,440,-0.5581,501,-0.5588,561,-0.5603,627,-0.5532,686,-0.5504,752,-0.5469,815,-0.5574,876,-0.5490,939
2021:01:22:10:07:51.892000,1611306471.892,-0.5546,16,-0.5546,0,-0.5497,61,-0.5504,125,-0.5497,185,-0.5546,250,-0.5511,311,-0.5666,372,-0.5694,438,-0.5617,497,-0.5708,563,-0.5560,625,-0.5624,688,-0.5525,747,-0.5560,811,-0.5659,876,-0.5560,934
2021:01:22:10:07:52.892000,1611306472.892,-0.5652,16,-0.5652,0,-0.5532,61,-0.5610,125,-0.5574,186,-0.5560,248,-0.5645,310,-0.5652,372,-0.5694,438,-0.5666,500,-0.5715,560,-0.5617,625,-0.5595,688,-0.5736,747,-0.5624,813,-0.5757,875,-0.5673,935
2021:01:22:10:07:53.890000,1611306473.89,-0.5574,16,-0.5574,0,-0.5588,61,-0.5560,125,-0.5652,188,-0.5595,252,-0.5560,314,-0.5560,375,-0.5448,436,-0.5392,502,-0.5603,563,-0.5595,625,-0.5532,689,-0.5603,752,-0.5553,811,-0.5511,877,-0.5504,939
2021:01:22:10:07:54.892000,1611306474.892,-0.5560,16,-0.5560,0,-0.5462,60,-0.5511,125,-0.5490,185,-0.5441,247,-0.5385,313,-0.5497,372,-0.5652,435,-0.5645,500,-0.5574,559,-0.5490,625,-0.5392,686,-0.5364,750,-0.5399,811,-0.5343,872,-0.5357,935
2021:01:22:10:07:55.890000,1611306475.89,-0.5511,16,-0.5511,0,-0.5617,65,-0.5588,124,-0.5567,186,-0.5504,252,-0.5469,313,-0.5588,374,-0.5595,440,-0.5603,500,-0.5645,564,-0.5567,625,-0.5532,689,-0.5518,752,-0.5652,813,-0.5624,877,-0.5624,940
2021:01:22:10:07:56.892000,1611306476.892,-0.5525,16,-0.5525,0,-0.5553,61,-0.5574,123,-0.5525,184,-0.5448,250,-0.5518,309,-0.5546,372,-0.5638,436,-0.5659,500,-0.5532,561,-0.5469,625,-0.5329,685,-0.5518,750,-0.5588,809,-0.5708,875,-0.5595,935
2021:01:22:10:07:57.890000,1611306477.89,-0.5518,16,-0.5518,0,-0.5490,61,-0.5631,125,-0.5595,190,-0.5631,252,-0.5631,313,-0.5638,375,-0.5701,438,-0.5666,502,-0.5617,563,-0.5560,625,-0.5546,689,-0.5504,752,-0.5455,813,-0.5532,875,-0.5694,939
2021:01:22:10:07:58.889000,1611306478.889,-0.5588,16,-0.5588,0,-0.5560,62,-0.5462,127,-0.5581,187,-0.5476,252,-0.5567,314,-0.5631,377,-0.5539,437,-0.5652,500,-0.5764,564,-0.5631,627,-0.5553,689,-0.5455,750,-0.5694,813,-0.5525,875,-0.5553,939
2021:01:22:10:07:59.892000,1611306479.892,-0.5680,16,-0.5680,0,-0.5701,61,-0.5715,126,-0.5820,186,-0.5743,248,-0.5673,311,-0.5595,376,-0.5518,435,-0.5490,498,-0.5483,560,-0.5631,626,-0.5532,685,-0.5567,750,-0.5771,813,-0.5624,876,-0.5560,935
2021:01:22:10:08:00.892000,1611306480.892,-0.5490,16,-0.5490,0,-0.5427,61,-0.5350,125,-0.5448,186,-0.5532,250,-0.5610,312,-0.5560,372,-0.5694,436,-0.5757,497,-0.5715,560,-0.5581,623,-0.5462,685,-0.5525,750,-0.5567,809,-0.5574,873,-0.5560,934
2021:01:22:10:08:01.890000,1611306481.89,-0.5680,16,-0.5680,0,-0.5603,63,-0.5624,125,-0.5603,188,-0.5567,251,-0.5666,314,-0.5638,377,-0.5792,436,-0.5764,502,-0.5778,561,-0.5729,625,-0.5673,688,-0.5701,750,-0.5673,813,-0.5673,877,-0.5603,939
2021:01:22:10:08:02.890000,1611306482.89,-0.5631,16,-0.5631,0,-0.5666,63,-0.5820,127,-0.5645,188,-0.5560,251,-0.5736,314,-0.5617,377,-0.5490,436,-0.5532,500,-0.5532,564,-0.5462,625,-0.5518,689,-0.5511,751,-0.5427,811,-0.5406,877,-0.5603,939
2021:01:22:10:08:03.889000,1611306483.889,-0.5588,16,-0.5588,0,-0.5532,63,-0.5448,126,-0.5532,188,-0.5539,251,-0.5567,313,-0.5476,376,-0.5603,439,-0.5659,503,-0.5652,563,-0.5610,626,-0.5610,690,-0.5525,751,-0.5595,814,-0.5673,876,-0.5638,938
2021:01:22:10:08:04.891000,1611306484.891,-0.5525,16,-0.5525,0,-0.5504,64,-0.5518,123,-0.5617,189,-0.5532,250,-0.5546,314,-0.5518,373,-0.5511,439,-0.5588,498,-0.5603,564,-0.5504,627,-0.5385,689,-0.5476,752,-0.5441,814,-0.5595,877,-0.5595,938
2021:01:22:10:08:05.891000,1611306485.891,-0.5539,16,-0.5539,0,-0.5532,64,-0.5511,126,-0.5560,189,-0.5652,250,-0.5645,313,-0.5701,375,-0.5687,438,-0.5694,500,-0.5567,561,-0.5581,626,-0.5645,689,-0.5645,750,-0.5624,814,-0.5595,875,-0.5532,936
2021:01:22:10:08:06.893000,1611306486.893,-0.5532,16,-0.5532,0,-0.5392,59,-0.5574,121,-0.5567,184,-0.5546,247,-0.5518,311,-0.5567,373,-0.5701,436,-0.5687,500,-0.5659,559,-0.5806,625,-0.5722,684,-0.5603,747,-0.5631,809,-0.5708,875,-0.5757,934
2021:01:22:10:08:07.891000,1611306487.891,-0.5631,16,-0.5631,0,-0.5666,64,-0.5743,125,-0.5729,189,-0.5610,250,-0.5701,314,-0.5757,377,-0.5729,439,-0.5595,500,-0.5567,564,-0.5518,623,-0.5595,688,-0.5539,750,-0.5603,813,-0.5574,876,-0.5673,939
2021:01:22:10:08:08.891000,1611306488.891,-0.5666,16,-0.5666,0,-0.5680,61,-0.5624,125,-0.5631,189,-0.5771,252,-0.5722,314,-0.5743,375,-0.5652,436,-0.5624,502,-0.5666,561,-0.5687,627,-0.5595,688,-0.5525,751,-0.5624,814,-0.5638,875,-0.5588,939
2021:01:22:10:08:09.892000,1611306489.892,-0.5546,16,-0.5546,0,-0.5497,63,-0.5617,123,-0.5560,185,-0.5624,251,-0.5581,313,-0.5659,376,-0.5799,438,-0.5736,501,-0.5743,563,-0.5666,626,-0.5659,685,-0.5532,748,-0.5581,810,-0.5652,873,-0.5701,938
2021:01:22:10:08:10.893000,1611306490.893,-0.5750,16,-0.5750,0,-0.5645,61,-0.5624,122,-0.5581,185,-0.5610,247,-0.5532,311,-0.5518,371,-0.5736,436,-0.5680,497,-0.5560,561,-0.5532,623,-0.5588,683,-0.5567,746,-0.5687,812,-0.5574,871,-0.5680,936
2021:01:22:10:08:11.891000,1611306491.891,-0.5631,16,-0.5631,0,-0.5617,64,-0.5659,127,-0.5876,189,-0.5827,250,-0.5659,311,-0.5603,377,-0.5476,436,-0.5581,501,-0.5532,561,-0.5574,626,-0.5413,689,-0.5469,750,-0.5518,811,-0.5581,873,-0.5497,936
2021:01:22:10:08:12.892000,1611306492.892,-0.5539,16,-0.5539,0,-0.5610,60,-0.5574,125,-0.5588,188,-0.5546,250,-0.5567,313,-0.5427,376,-0.5476,435,-0.5532,498,-0.5659,560,-0.5546,623,-0.5588,685,-0.5581,750,-0.5462,810,-0.5490,876,-0.5448,938
2021:01:22:10:08:13.891000,1611306493.891,-0.5595,16,-0.5595,0,-0.5595,64,-0.5441,126,-0.5638,186,-0.5603,252,-0.5581,311,-0.5610,377,-0.5532,436,-0.5518,501,-0.5574,561,-0.5638,627,-0.5694,689,-0.5553,748,-0.5434,814,-0.5476,875,-0.5406,936
2021:01:22:10:08:14.893000,1611306494.893,-0.5399,16,-0.5399,0,-0.5476,61,-0.5462,122,-0.5595,184,-0.5469,247,-0.5497,311,-0.5603,372,-0.5525,434,-0.5504,498,-0.5455,561,-0.5448,621,-0.5518,686,-0.5617,750,-0.5511,811,-0.5455,875,-0.5483,936
2021:01:22:10:08:15.891000,1611306495.891,-0.5371,16,-0.5371,0,-0.5546,64,-0.5532,123,-0.5518,189,-0.5497,251,-0.5588,311,-0.5525,373,-0.5729,439,-0.5631,502,-0.5638,561,-0.5560,623,-0.5595,689,-0.5532,751,-0.5617,814,-0.5617,877,-0.5581,938
2021:01:22:10:08:16.891000,1611306496.891,-0.5652,16,-0.5652,0,-0.5603,61,-0.5518,123,-0.5518,189,-0.5497,250,-0.5441,314,-0.5546,373,-0.5722,436,-0.5603,500,-0.5525,561,-0.5406,627,-0.5525,689,-0.5567,752,-0.5497,814,-0.5617,877,-0.5518,939
2021:01:22:10:08:17.892000,1611306497.892,-0.5567,16,-0.5567,0,-0.5581,61,-0.5476,123,-0.5539,185,-0.5546,250,-0.5560,312,-0.5504,373,-0.5595,437,-0.5567,497,-0.5497,560,-0.5476,625,-0.5434,687,-0.5546,747,-0.5455,812,-0.5504,875,-0.5455,935
2021:01:22:10:08:18.893000,1611306498.893,-0.5455,16,-0.5455,0,-0.5567,61,-0.5652,124,-0.5603,185,-0.5603,250,-0.5694,311,-0.5736,375,-0.5673,435,-0.5567,499,-0.5652,560,-0.5574,622,-0.5574,685,-0.5553,749,-0.5574,810,-0.5518,874,-0.5490,936
2021:01:22:10:08:19.891000,1611306499.891,-0.5581,16,-0.5581,0,-0.5659,63,-0.5638,126,-0.5715,188,-0.5680,252,-0.5624,314,-0.5631,377,-0.5497,439,-0.5574,502,-0.5659,564,-0.5673,626,-0.5624,688,-0.5617,752,-0.5546,813,-0.5624,876,-0.5588,936
2021:01:22:10:08:20.891000,1611306500.891,-0.5525,16,-0.5525,0,-0.5574,64,-0.5560,125,-0.5518,188,-0.5532,252,-0.5567,314,-0.5708,377,-0.5588,439,-0.5490,502,-0.5539,564,-0.5546,627,-0.5504,688,-0.5476,752,-0.5518,814,-0.5483,876,-0.5497,938
2021:01:22:10:08:21.892000,1611306501.892,-0.5624,16,-0.5624,0,-0.5525,63,-0.5511,126,-0.5560,186,-0.5483,251,-0.5546,313,-0.5588,373,-0.5595,438,-0.5603,501,-0.5546,561,-0.5518,626,-0.5490,686,-0.5560,751,-0.5406,813,-0.5469,876,-0.5490,938
2021:01:22:10:08:22.891000,1611306502.891,-0.5553,16,-0.5553,0,-0.5659,63,-0.5813,127,-0.5574,188,-0.5546,252,-0.5518,314,-0.5595,376,-0.5624,439,-0.5645,502,-0.5715,563,-0.5652,627,-0.5666,689,-0.5659,750,-0.5687,813,-0.5595,877,-0.5553,938
2021:01:22:10:08:23.891000,1611306503.891,-0.5525,16,-0.5525,0,-0.5595,63,-0.5666,126,-0.5560,188,-0.5806,251,-0.5617,313,-0.5610,377,-0.5560,438,-0.5595,502,-0.5652,564,-0.5722,627,-0.5729,688,-0.5680,752,-0.5624,814,-0.5638,877,-0.5617,939
2021:01:22:10:08:24.894000,1611306504.894,-0.5624,16,-0.5624,0,-0.5771,61,-0.5848,122,-0.5694,185,-0.5631,248,-0.5610,311,-0.5560,374,-0.5371,436,-0.5420,498,-0.5427,561,-0.5532,624,-0.5567,684,-0.5539,749,-0.5511,811,-0.5427,874,-0.5441,936
2021:01:22:10:08:25.891000,1611306505.891,-0.5574,16,-0.5574,0,-0.5617,64,-0.5567,125,-0.5638,188,-0.5497,252,-0.5610,314,-0.5617,377,-0.5617,438,-0.5560,502,-0.5539,563,-0.5469,625,-0.5638,688,-0.5532,752,-0.5546,813,-0.5652,877,-0.5567,938
2021:01:22:10:08:26.892000,1611306506.892,-0.5666,16,-0.5666,0,-0.5603,63,-0.5617,126,-0.5560,185,-0.5532,248,-0.5546,313,-0.5617,375,-0.5588,438,-0.5652,498,-0.5680,561,-0.5631,626,-0.5567,688,-0.5610,750,-0.5567,813,-0.5539,873,-0.5497,938
2021:01:22:10:08:27.891000,1611306507.891,-0.5567,16,-0.5567,0,-0.5610,64,-0.5617,125,-0.5610,189,-0.5518,252,-0.5574,314,-0.5448,377,-0.5560,436,-0.5476,502,-0.5441,563,-0.5567,627,-0.5638,688,-0.5673,752,-0.5546,814,-0.5448,875,-0.5624,938
2021:01:22:10:08:28.892000,1611306508.892,-0.5595,16,-0.5595,0,-0.5462,63,-0.5504,126,-0.5701,188,-0.5546,251,-0.5448,311,-0.5455,373,-0.5525,438,-0.5553,498,-0.5567,560,-0.5574,626,-0.5588,685,-0.5624,751,-0.5483,813,-0.5511,873,-0.5483,938
2021:01:22:10:08:29.893000,1611306509.893,-0.5532,16,-0.5532,0,-0.5638,62,-0.5645,122,-0.5603,187,-0.5588,247,-0.5567,311,-0.5497,375,-0.5645,435,-0.5603,498,-0.5567,559,-0.5624,625,-0.5617,685,-0.5546,750,-0.5504,810,-0.5588,875,-0.5553,935
2021:01:22:10:08:30.893000,1611306510.893,-0.5511,16,-0.5511,0,-0.5532,60,-0.5539,125,-0.5518,184,-0.5441,250,-0.5497,310,-0.5532,372,-0.5476,437,-0.5645,498,-0.5574,559,-0.5624,623,-0.5476,687,-0.5666,750,-0.5771,812,-0.5729,875,-0.5631,935
2021:01:22:10:08:31.893000,1611306511.893,-0.5553,16,-0.5553,0,-0.5560,59,-0.5567,122,-0.5525,185,-0.5497,247,-0.5708,312,-0.5603,375,-0.5701,437,-0.5743,500,-0.5652,560,-0.5645,622,-0.5610,685,-0.5617,747,-0.5617,812,-0.5539,875,-0.5441,935
2021:01:22:10:08:32.891000,1611306512.891,-0.5497,16,-0.5497,0,-0.5638,63,-0.5595,127,-0.5715,189,-0.5617,250,-0.5610,313,-0.5539,377,-0.5497,438,-0.5483,502,-0.5617,563,-0.5588,625,-0.5694,689,-0.5617,752,-0.5617,813,-0.5694,875,-0.5771,939
2021:01:22:10:08:33.893000,1611306513.893,-0.5708,16,-0.5708,0,-0.5610,60,-0.5532,122,-0.5617,187,-0.5855,247,-0.5715,310,-0.5694,372,-0.5645,435,-0.5645,497,-0.5617,560,-0.5610,622,-0.5645,687,-0.5624,747,-0.5581,809,-0.5525,872,-0.5673,937
2021:01:22:10:08:34.894000,1611306514.894,-0.5574,16,-0.5574,0,-0.5617,60,-0.5539,123,-0.5385,186,-0.5350,248,-0.5427,313,-0.5329,375,-0.5455,436,-0.5603,498,-0.5532,562,-0.5532,623,-0.5504,688,-0.5532,748,-0.5624,813,-0.5673,875,-0.5631,938
2021:01:22:10:08:35.894000,1611306515.894,-0.5525,16,-0.5525,0,-0.5560,61,-0.5617,125,-0.5701,186,-0.5574,250,-0.5624,313,-0.5638,373,-0.5687,436,-0.5624,498,-0.5624,561,-0.5581,624,-0.5617,686,-0.5645,750,-0.5553,811,-0.5581,873,-0.5588,935
2021:01:22:10:08:36.893000,1611306516.893,-0.5581,16,-0.5581,0,-0.5448,60,-0.5560,123,-0.5659,185,-0.5771,250,-0.5722,312,-0.5560,373,-0.5666,438,-0.5687,500,-0.5645,563,-0.5476,623,-0.5525,685,-0.5624,748,-0.5638,813,-0.5736,873,-0.5652,937
2021:01:22:10:08:37.894000,1611306517.894,-0.5553,16,-0.5553,0,-0.5553,60,-0.5588,122,-0.5553,186,-0.5518,248,-0.5504,311,-0.5588,372,-0.5610,438,-0.5525,498,-0.5581,560,-0.5694,625,-0.5539,686,-0.5504,750,-0.5708,813,-0.5610,875,-0.5567,936
2021:01:22:10:08:38.891000,1611306518.891,-0.5588,16,-0.5588,0,-0.5595,64,-0.5617,127,-0.5518,188,-0.5525,251,-0.5560,314,-0.5532,377,-0.5525,439,-0.5574,501,-0.5525,564,-0.5610,627,-0.5518,688,-0.5546,752,-0.5490,814,-0.5518,876,-0.5588,940
2021:01:22:10:08:39.892000,1611306519.892,-0.5518,16,-0.5518,0,-0.5406,63,-0.5448,126,-0.5448,186,-0.5378,250,-0.5539,311,-0.5617,375,-0.5652,438,-0.5645,500,-0.5560,563,-0.5560,626,-0.5546,688,-0.5532,750,-0.5553,813,-0.5546,876,-0.5610,939
2021:01:22:10:08:40.894000,1611306520.894,-0.5567,16,-0.5567,0,-0.5448,63,-0.5476,123,-0.5469,186,-0.5546,250,-0.5532,311,-0.5441,375,-0.5434,438,-0.5574,499,-0.5434,561,-0.5483,623,-0.5427,686,-0.5497,750,-0.5511,811,-0.5603,873,-0.5638,936
2021:01:22:10:08:41.892000,1611306521.892,-0.5750,16,-0.5750,0,-0.5778,63,-0.5652,125,-0.5666,188,-0.5610,250,-0.5610,314,-0.5595,375,-0.5553,438,-0.5539,501,-0.5680,563,-0.5764,626,-0.5764,689,-0.5757,750,-0.5687,814,-0.5518,875,-0.5525,938
2021:01:22:10:08:42.892000,1611306522.892,-0.5687,16,-0.5687,0,-0.5553,61,-0.5617,125,-0.5588,186,-0.5581,251,-0.5490,314,-0.5532,375,-0.5532,436,-0.5462,501,-0.5539,563,-0.5511,626,-0.5490,688,-0.5560,751,-0.5652,813,-0.5560,876,-0.5511,938
2021:01:22:10:08:43.892000,1611306523.892,-0.5511,16,-0.5511,0,-0.5553,63,-0.5441,126,-0.5532,186,-0.5483,251,-0.5617,313,-0.5610,376,-0.5631,438,-0.5631,500,-0.5631,563,-0.5638,625,-0.5666,688,-0.5673,750,-0.5567,813,-0.5603,875,-0.5581,936
2021:01:22:10:08:44.894000,1611306524.894,-0.5617,16,-0.5617,0,-0.5659,63,-0.5659,125,-0.5574,185,-0.5553,249,-0.5631,311,-0.5778,373,-0.5743,438,-0.5736,500,-0.5673,561,-0.5581,624,-0.5553,685,-0.5504,748,-0.5560,810,-0.5518,875,-0.5567,935
2021:01:22:10:08:45.892000,1611306525.892,-0.5666,16,-0.5666,0,-0.5708,63,-0.5848,126,-0.5581,186,-0.5553,250,-0.5560,313,-0.5462,375,-0.5617,438,-0.5652,500,-0.5581,561,-0.5624,625,-0.5638,688,-0.5595,750,-0.5603,814,-0.5687,875,-0.5574,936
2021:01:22:10:08:46.894000,1611306526.894,-0.5736,16,-0.5736,0,-0.5848,61,-0.5659,123,-0.5694,188,-0.5785,248,-0.5673,313,-0.5652,375,-0.5722,436,-0.5624,500,-0.5610,561,-0.5624,625,-0.5603,686,-0.5645,750,-0.5638,811,-0.5610,875,-0.5518,935
2021:01:22:10:08:47.892000,1611306527.892,-0.5497,16,-0.5497,0,-0.5567,63,-0.5469,125,-0.5574,186,-0.5652,251,-0.5729,311,-0.5771,375,-0.5743,438,-0.5722,501,-0.5652,561,-0.5631,625,-0.5588,689,-0.5462,750,-0.5574,811,-0.5504,875,-0.5574,938
2021:01:22:10:08:48.894000,1611306528.894,-0.5595,16,-0.5595,0,-0.5476,60,-0.5525,123,-0.5588,188,-0.5546,248,-0.5588,310,-0.5525,373,-0.5420,436,-0.5511,499,-0.5525,560,-0.5610,625,-0.5603,686,-0.5638,748,-0.5504,810,-0.5518,875,-0.5532,935
2021:01:22:10:08:49.892000,1611306529.892,-0.5581,16,-0.5581,0,-0.5581,63,-0.5553,127,-0.5701,189,-0.5673,251,-0.5546,314,-0.5532,377,-0.5406,438,-0.5483,502,-0.5553,564,-0.5574,625,-0.5652,688,-0.5581,750,-0.5603,814,-0.5560,877,-0.5574,939
2021:01:22:10:08:50.893000,1611306530.893,-0.5525,16,-0.5525,0,-0.5525,61,-0.5511,126,-0.5476,186,-0.5603,251,-0.5603,314,-0.5546,376,-0.5511,436,-0.5504,500,-0.5455,563,-0.5476,625,-0.5624,688,-0.5610,751,-0.5560,811,-0.5483,876,-0.5504,936
2021:01:22:10:08:51.893000,1611306531.893,-0.5462,16,-0.5462,0,-0.5497,61,-0.5539,125,-0.5539,188,-0.5560,251,-0.5518,311,-0.5525,376,-0.5687,438,-0.5687,501,-0.5595,563,-0.5539,626,-0.5574,689,-0.5574,751,-0.5532,813,-0.5497,877,-0.5448,939
2021:01:22:10:08:52.892000,1611306532.892,-0.5588,16,-0.5588,0,-0.5574,64,-0.5518,127,-0.5708,189,-0.5799,251,-0.5757,313,-0.5694,377,-0.5603,438,-0.5595,502,-0.5546,563,-0.5680,627,-0.5722,689,-0.5652,751,-0.5497,813,-0.5462,876,-0.5462,939
2021:01:22:10:08:53.892000,1611306533.892,-0.5553,16,-0.5553,0,-0.5603,64,-0.5610,126,-0.5567,189,-0.5631,251,-0.5595,315,-0.5617,377,-0.5469,438,-0.5553,501,-0.5539,564,-0.5511,626,-0.5687,688,-0.5624,752,-0.5701,813,-0.5652,876,-0.5560,939
2021:01:22:10:08:54.895000,1611306534.895,-0.5624,16,-0.5624,0,-0.5553,61,-0.5518,125,-0.5490,186,-0.5595,248,-0.5434,311,-0.5406,373,-0.5448,436,-0.5525,500,-0.5567,560,-0.5708,625,-0.5666,686,-0.5617,748,-0.5567,811,-0.5434,875,-0.5476,935
2021:01:22:10:08:55.895000,1611306535.895,-0.5497,16,-0.5497,0,-0.5595,61,-0.5631,125,-0.5687,185,-0.5603,250,-0.5680,311,-0.5680,375,-0.5659,438,-0.5645,498,-0.5673,561,-0.5532,623,-0.5504,686,-0.5448,750,-0.5532,810,-0.5574,872,-0.5701,936
2021:01:22:10:08:56.893000,1611306536.893,-0.5652,16,-0.5652,0,-0.5757,63,-0.5736,125,-0.5820,186,-0.5715,251,-0.5659,311,-0.5546,375,-0.5525,436,-0.5518,501,-0.5490,563,-0.5539,625,-0.5504,688,-0.5532,750,-0.5497,813,-0.5455,875,-0.5497,938
2021:01:22:10:08:57.895000,1611306537.895,-0.5490,16,-0.5490,0,-0.5497,60,-0.5553,122,-0.5687,186,-0.5645,248,-0.5518,310,-0.5532,373,-0.5553,436,-0.5588,497,-0.5603,560,-0.5560,623,-0.5567,686,-0.5483,750,-0.5666,811,-0.5715,873,-0.5666,935
2021:01:22:10:08:58.892000,1611306538.892,-0.5532,16,-0.5532,0,-0.5553,64,-0.5708,126,-0.5652,188,-0.5595,252,-0.5546,314,-0.5595,377,-0.5497,439,-0.5553,501,-0.5455,564,-0.5595,626,-0.5680,688,-0.5659,752,-0.5588,813,-0.5546,876,-0.5434,939
2021:01:22:10:08:59.893000,1611306539.893,-0.5525,16,-0.5525,0,-0.5539,61,-0.5546,125,-0.5673,187,-0.5588,248,-0.5694,311,-0.5715,376,-0.5645,438,-0.5645,501,-0.5708,561,-0.5743,626,-0.5680,688,-0.5581,748,-0.5553,813,-0.5560,873,-0.5560,938
2021:01:22:10:09:00.893000,1611306540.893,-0.5645,16,-0.5645,0,-0.5567,63,-0.5610,125,-0.5574,188,-0.5574,250,-0.5581,312,-0.5574,373,-0.5539,436,-0.5504,500,-0.5427,563,-0.5532,625,-0.5455,686,-0.5455,751,-0.5553,811,-0.5673,876,-0.5638,938
2021:01:22:10:09:01.894000,1611306541.894,-0.5546,16,-0.5546,0,-0.5567,61,-0.5610,126,-0.5588,188,-0.5511,249,-0.5525,311,-0.5518,373,-0.5532,438,-0.5560,500,-0.5652,563,-0.5595,626,-0.5581,686,-0.5631,749,-0.5581,811,-0.5595,874,-0.5469,938
2021:01:22:10:09:02.895000,1611306542.895,-0.5595,16,-0.5595,0,-0.5588,60,-0.5504,123,-0.5560,185,-0.5504,248,-0.5462,310,-0.5631,375,-0.5595,436,-0.5567,497,-0.5673,561,-0.5666,625,-0.5560,686,-0.5595,750,-0.5722,811,-0.5560,873,-0.5518,936
2021:01:22:10:09:03.893000,1611306543.893,-0.5490,16,-0.5490,0,-0.5504,61,-0.5511,125,-0.5462,186,-0.5525,250,-0.5532,313,-0.5631,375,-0.5680,438,-0.5603,500,-0.5546,563,-0.5497,625,-0.5546,688,-0.5581,748,-0.5588,813,-0.5694,875,-0.5680,938
2021:01:22:10:09:04.896000,1611306544.896,-0.5631,16,-0.5631,0,-0.5638,61,-0.5560,123,-0.5652,185,-0.5610,250,-0.5553,310,-0.5504,373,-0.5560,435,-0.5624,498,-0.5603,560,-0.5539,623,-0.5525,685,-0.5469,748,-0.5539,810,-0.5469,873,-0.5462,935
2021:01:22:10:09:05.895000,1611306545.895,-0.5546,16,-0.5546,0,-0.5673,63,-0.5631,125,-0.5680,186,-0.5624,249,-0.5595,311,-0.5525,373,-0.5420,438,-0.5434,500,-0.5448,561,-0.5427,625,-0.5511,686,-0.5687,751,-0.5624,811,-0.5560,875,-0.5722,936
2021:01:22:10:09:06.896000,1611306546.896,-0.5610,16,-0.5610,0,-0.5525,61,-0.5560,123,-0.5603,185,-0.5595,248,-0.5581,310,-0.5434,373,-0.5560,436,-0.5588,497,-0.5511,561,-0.5624,625,-0.5617,686,-0.5490,748,-0.5532,811,-0.5624,875,-0.5581,935
2021:01:22:10:09:07.895000,1611306547.895,-0.5539,16,-0.5539,0,-0.5532,63,-0.5539,123,-0.5539,188,-0.5624,251,-0.5532,313,-0.5525,375,-0.5603,436,-0.5490,499,-0.5504,561,-0.5434,625,-0.5455,688,-0.5413,749,-0.5420,813,-0.5406,874,-0.5532,938
2021:01:22:10:09:08.896000,1611306548.896,-0.5378,16,-0.5378,0,-0.5378,61,-0.5504,123,-0.5581,185,-0.5645,248,-0.5574,311,-0.5483,373,-0.5617,436,-0.5560,498,-0.5574,560,-0.5581,623,-0.5659,685,-0.5778,748,-0.5680,810,-0.5631,875,-0.5610,935
2021:01:22:10:09:09.894000,1611306549.894,-0.5673,16,-0.5673,0,-0.5546,63,-0.5427,125,-0.5483,189,-0.5546,251,-0.5469,314,-0.5350,375,-0.5539,437,-0.5610,502,-0.5581,563,-0.5518,626,-0.5518,687,-0.5518,750,-0.5567,812,-0.5553,875,-0.5673,937
2021:01:22:10:09:10.893000,1611306550.893,-0.5659,16,-0.5659,0,-0.5553,62,-0.5603,125,-0.5610,189,-0.5715,250,-0.5708,312,-0.5595,377,-0.5539,437,-0.5539,500,-0.5525,562,-0.5469,625,-0.5392,689,-0.5581,750,-0.5469,812,-0.5588,875,-0.5546,937
2021:01:22:10:09:11.895000,1611306551.895,-0.5820,16,-0.5820,0,-0.5750,63,-0.5743,125,-0.5638,185,-0.5462,248,-0.5532,313,-0.5581,373,-0.5701,438,-0.5673,498,-0.5729,563,-0.5645,625,-0.5511,685,-0.5560,750,-0.5553,810,-0.5511,873,-0.5490,938
2021:01:22:10:09:12.893000,1611306552.893,-0.5539,16,-0.5539,0,-0.5567,62,-0.5539,125,-0.5603,187,-0.5638,251,-0.5610,314,-0.5560,375,-0.5645,437,-0.5581,501,-0.5553,562,-0.5525,625,-0.5511,687,-0.5610,750,-0.5617,814,-0.5574,875,-0.5567,938
